1650 2659
780 167 1039 201 —146—

652 274 679 298 e.
706 266 741 297 In
763 268 816 296 tuo
839 273 895 296 nos
921 262 1075 296 famulatu

710 321 871 351 conserva,
898 311 985 343 Deus
1009 319 1121 352 magne

709 364 739 392 et
766 359 1019 392 clementissime.

891 447 923 478 2.

271 525 299 548 a.
327 516 463 549 Christe.
490 515 560 545 Iesu
587 512 631 544 fili
948 512 978 545 b.
1005 512 1053 544 Tu
1079 520 1136 544 nos
1161 511 1317 542 redimere

327 564 398 602 Dei,
426 561 527 593 factor
552 560 638 592 orbis
1007 560 1156 601 dignatus
1181 567 1225 596 eS‚
1252 561 1286 590 tu
1311 567 1367 590 nos

325 614 419 650 atque
445 609 636 648 redemptor,
1006 615 1131 647 semper
1155 606 1324 638 custodias,

650 702 676 724 c.
706 693 766 732 Qui
792 701 825 723 es
846 697 998 724 venturus
1024 691 1174 723 mundum

707 741 860 779 iudicare,
889 741 928 771 de
954 741 1063 780 poenis

706 798 762 820 nos
789 788 891 819 libera
917 788 1078 828 gehennae
1103 794 1238 819 amarae.

890 875 921 906 3.

268 960 296 982 a.
324 951 349 983 Ο
376 952 483 981 sancte
510 949 651 988 spiritus,
946 949 975 981 b.
1004 949 1120 980 Sancta
1145 947 1282 986 trinitas,
1309 947 1394 978 Deus

326 998 408 1029 aime
433 997 528 1034 heus,
1005 997 1213 1034 omnipotens,

325 1048 408 1076 tuam
435 1044 525 1074 nobis
551 1044 683 1083 gratiam
1006 1044 1117 1084 gloria,
1145 1043 1213 1073 laus
1239 1045 1269 1072 et
1295 1041 1395 1073 honor

325 1093 497 1122 clementer
522 1091 664 1131 infunde,
1006 1091 1064 1122 tibi
1091 1090 1131 1121 sit
1156 1098 1239 1120 nune
1265 1092 1294 1120 et
1320 1097 1379 1128 per

1007 1141 1119 1169 cuncta
1145 1137 1280 1168 saecula.

742 1223 768 1246 c.
795 1214 898 1254 Kyrie
923 1214 1054 1247 eleison,

326 1290 412 1324 ΤΙ-«ψ.
441 1298 490 1314 nis.
512 1288 702 1323 Sangallense
730 1297 803 1315 saec.
830 1287 871 1314 11.
913 1288 981 1315 Cod.
1004 1287 1170 1323 Sangallen.
1195 1284 1259 1313 38¹0.
1280 1286 1314 1312 A.
1335 1301 1371 1305 —
1391 1286 1478 1320 Trop.
1501 1295 1552 1312 ms.

251 1328 440 1359 Sangallense
463 1336 535 1352 saec.
560 1325 601 1352 ll.
618 1327 656 1352 in.
691 1326 760 1353 Cod.
776 1326 943 1361 Sangallen.
963 1324 1026 1353 381.
1042 1325 1106 1352 add.
1121 1333 1196 1351 saec.
1220 1323 1263 1351 13.
1284 1325 1316 1350 B.
1336 1338 1374 1342 -
1393 1324 1480 1359 Trop.
1500 1332 1552 1351 ms.

252 1365 453 1391 ltin-noviome
475 1364 707 1400 *sangallensem
727 1373 800 1391 saec.
827 1364 869 1390 ll.
891 1366 929 1390 in.
977 1364 1045 1391 Cod.
1072 1363 1207 1390 Turicen.
1236 1362 1366 1389 Rhenov.
1393 1360 1436 1388 97.
1464 1362 1496 1389 C.
1516 1376 1552 1380 —

250 1403 338 1437 Trop.
360 1412 411 1428 ins.
433 1402 583 1428 Mindvnse
612 1403 680 1428 anni
708 1401 788 1429 1024.
835 1402 904 1428 cod.
926 1403 1091 1429 Bet-olinen.
1113 1401 1214 1427 Theol.
1237 1401 1286 1426 lat.
1310 1398 1371 1427 IV0
1395 1399 1436 1426 ll.
1461 1401 1496 1427 D.
1517 1415 1551 1420 —

253 1441 311 1466 Da<
335 1441 446 1474 Kysis:
468 1439 640 1471 (christe)
666 1441 813 1467 eleison
834 1440 903 1475 geht
923 1440 979 1466 den
1000 1439 1145 1475 Strophen
1166 1447 1282 1465 vorans.

571 1552 617 1581 84.
659 1551 756 1589 Kyrie
780 1551 1015 1591 „Cuncupotens
1037 1549 1238 1581 dominator-³.

885 1632 915 1664 1.

272 1704 301 1728 a.
329 1695 552 1734 Cunctipotens
580 1697 756 1728 dominator
946 1697 976 1730 b.
1001 1698 1060 1737 Qui
1087 1696 1127 1727 de
1151 1696 1226 1726 limo
1253 1693 1447 1726 formaveras

329 1744 406 1774 caeli
434 1747 463 1773 et
489 1743 680 1782 angelorum,
1004 1745 1119 1782 Adam,
1147 1743 1283 1782 primum
1304 1742 1471 1781 hominem,

327 1795 440 1825 terrae,
468 1791 562 1821 maris
589 1795 619 1821 et
645 1792 834 1831 mortalium,
1004 1797 1034 1823 et
1060 1791 1209 1832 paradiso
1233 1799 1395 1830 posueras,

321 1838 423 1877 Kyrie
448 1837 573 1870 cleison.
1006 1840 1105 1880 Kyrie
1130 1838 1257 1870 eleison.

648 1924 674 1946 e.
701 1915 847 1946 Humano
872 1924 997 1955 semper
1022 1915 1139 1955 generi,

703 1962 813 1993 summi
839 1963 921 2003 regis
947 1964 1080 2002 gratiam

703 2013 768 2040 toto
795 2010 890 2041 corde
917 2010 1122 2045 desideranti,

702 2057 804 2096 Kyrie
829 2057 955 2090 eleison.

266 2215 293 2237 a.
320 2206 367 2237 Tu
393 2204 528 2246 Christe,
555 2205 699 2249 Domine,
940 2209 970 2242 b.
998 2210 1039 2241 Et
1067 2208 1170 2240 crucis
1196 2208 1325 2247 patulae

322 2253 374 2292 qui
400 2253 431 2283 in
455 2252 557 2283 almae
1000 2257 1088 2298 ligno
1113 2255 1256 2295 pendens

320 2300 430 2332 matris
455 2303 577 2331 uterum
1000 2303 1117 2335 veteris
1142 2303 1234 2334 Adae

320 2348 361 2380 de
385 2347 472 2378 eaelo
498 2348 612 2379 missus
999 2351 1114 2383 vuinus
1138 2350 1270 2382 vulnere

318 2394 480 2436 prodiisti,
997 2397 1169 2439 detersisti,

319 2443 447 2476 Christe
471 2442 596 2476 eleison.
1000 2446 1125 2479 Christe
1149 2445 1276 2479 eleison.
