1650 2659
669 133 713 138 —
765 114 926 150 353-

522 232 581 264 351.
611 233 754 264 llosannn
775 234 856 270 „Rex
875 233 1082 272 gubernans&

153 319 212 352 la.
239 320 413 362 Hoeawna,
839 321 899 355 lb.
925 324 1024 361 Quem
1050 322 1150 354 virtus
1176 325 1305 354 uranica

239 367 306 399 Rex
332 368 512 408 gubernans
538 364 620 412 [pie]
652 369 767 409 omnia,
923 369 1031 401 Laude
1057 370 1197 401 celebrat
1223 374 1382 410 organica,

151 452 208 484 2a.
235 451 317 483 Nam
345 455 395 483 ter
421 452 506 483 trina
837 452 896 485 2b.
920 453 1029 485 Laude
1056 454 1140 486 trina

238 499 434 540 Angelorum
459 499 585 539 agmina
925 500 1022 531 Trino
1048 501 1173 532 solvunt
1200 502 1349 534 carmina.

151 583 209 615 3a.
236 583 294 615 Cui
319 586 500 614 sanctorum
529 583 618 616 milia
835 585 898 616 3b.
924 585 1094 617 Celebrant
1119 586 1283 618 sollemnia

237 630 496 668 Innumerabilia,
925 632 983 663 Per
1007 632 1114 663 saecla
1140 635 1301 672 perennia,

235 678 374 717 Quorum
400 681 448 709 est
474 678 612 709 essentia
921 680 1054 719 Semper
1081 682 1312 719 congaudentia

235 726 270 757 In
297 726 544 765 superessentia,
920 726 980 758 Dei
1007 728 1046 758 de
1073 730 1263 767 praesentia.

149 812 209 844 4a.
237 810 280 844 Ut
305 810 346 842 ad
374 811 486 842 horum
832 811 895 843 4b.
923 812 990 843 Rex
1018 813 1186 852 caelorum,

235 858 320 897 Ergo
346 858 479 890 chorum
918 859 954 890 In
982 868 1087 890 eorum

284 905 400 937 Nostra
423 906 559 946 gliscant
584 906 699 939 studia.
968 905 1033 938 Nos
1060 907 1185 938 ascribe
1212 909 1299 939 curia

645 986 674 1015 5.
702 982 746 1014 In
772 982 912 1014 excelsis.

215 1076 300 1111 ΤΙ-ορ,
330 1084 381 1102 ms.
403 1077 594 1103 Narbonense
620 1084 695 1103 saec.
727 1074 769 1102 12.
812 1076 880 1102 eod.
902 1076 1029 1102 Parisin.
1061 1074 1123 1102 778.
1152 1076 1215 1102 add.
1243 1084 1319 1103 saec.
1351 1076 1392 1104 12.
1416 1091 1454 1095 —

143 1113 193 1147 lb,
216 1112 230 1140 1
252 1114 304 1141 hat
322 1114 436 1150 gleiche
458 1114 586 1142 Melodie
607 1115 660 1141 mit
683 1112 731 1146 la,
756 1113 779 1146 l,
803 1114 937 1149 obgleich
959 1114 1004 1140 die
1027 1114 1195 1141 silbenzahl
1218 1114 1365 1141 differiert.

520 1263 586 1294 352.
622 1262 766 1294 Hosanna
788 1262 898 1300 „Ortus
919 1270 1073 1294 occasus:

646 1364 675 1395 1.
702 1363 867 1394 Hosamza

149 1450 209 1482 2a.
237 1449 343 1486 Ortus,
369 1458 513 1489 occasum,
539 1449 639 1481 maria
837 1448 898 1482 2b.
927 1449 1072 1488 clangite
1099 1458 1156 1487 pro
1183 1450 1275 1480 modo
1301 1449 1384 1488 mgis

235 1501 329 1537 atque
356 1496 489 1536 pulchra
515 1506 602 1534 arva,
923 1497 1045 1527 aeterni
1072 1496 1222 1528 carmina.

149 1583 208 1615 33.
235 1582 260 1614 Ο
287 1587 321 1614 tu
350 1583 444 1618 Deus,
471 1582 606 1614 sublima
836 1581 896 1615 3b.
925 1581 1026 1618 Mare,
1054 1586 1166 1613 cuneta
1192 1582 1298 1614 sidera

235 1630 287 1669 qui
313 1631 408 1671 regis,
435 1630 508 1672 ima,
923 1628 1096 1666 rutilantia,

148 1718 211 1748 4a.
239 1716 358 1748 Divina
383 1725 548 1756 responsa,
834 1713 897 1746 4b.
925 1714 1058 1754 Repelle
1084 1714 1172 1755 vitia,

233 1769 265 1795 et
289 1764 376 1796 infra
402 1764 528 1796 modica
920 1767 1051 1800 praesta
1076 1762 1228 1799 remedia,

231 1816 378 1851 tempora
402 1815 434 1843 et
459 1821 516 1844 ora
920 1814 953 1839 ut
980 1810 1070 1841 nobis
1096 1815 1226 1841 aeterna

233 1860 301 1892 sine
328 1869 421 1898 noxa,
922 1865 980 1895 per
1005 1858 1132 1888 saecula

147 1948 206 1979 5a.
234 1945 319 1978 Satis
345 1946 403 1978 illa
430 1945 523 1977 beata
836 1941 897 1974 5b.
926 1942 989 1973 Per
1015 1942 1092 1973 haec
1116 1951 1231 1974 sonora
1256 1944 1380 1975 cantica

233 2003 347 2026 canere
374 1997 525 2026 nascatur
549 1991 671 2023 inclita.
920 1990 993 2021 iube
1016 1999 1073 2021 nos
1098 1991 1252 2022 scandere
1277 2000 1393 2031 supera

645 2077 675 2110 6.
703 2075 746 2108 In
772 2075 910 2109 excelsis.

215 2177 302 2211 Trop.
324 2183 376 2201 mS.
398 2173 590 2200 Narbonense
611 2178 686 2198 saeC.
710 2168 754 2196 12.
789 2169 858 2197 cod.
876 2169 1000 2196 Pax-ism.
1024 2167 1087 2197 778.
1112 2184 1146 2189 -
1168 2170 1249 2197 Ohne
1264 2170 1398 2197 Melodie.
1414 2184 1451 2188 -—

135 2212 192 2250 2a,
223 2213 235 2241 1
267 2221 354 2240 mare
376 2225 413 2230 —-
435 2211 497 2243 2b,
527 2210 538 2237 1
570 2209 712 2244 Plangite.
735 2221 771 2226 ——-
792 2206 850 2239 3a,
879 2205 897 2234 2
918 2208 994 2243 regis
1017 2216 1082 2235 una
1104 2223 1138 2227 --
1161 2207 1220 2239 31)
1252 2208 1391 2241 lQuare.
1415 2222 1451 2227 ——

133 2251 188 2286 4a,
213 2251 226 2280 l
248 2252 291 2279 Zu
313 2251 434 2285 „divina
455 2248 611 2284 responsa
635 2248 678 2274 als
699 2246 877 2282 Apposition
898 2253 955 2272 von
978 2245 1108 2279 „sidet-⁵1⁸⁴
1130 2248 1187 2281 vgl.
1204 2247 1302 2273 ‹lenR
1299 2248 1451 2273 almtext:

134 2291 218 2320 Caeli
239 2292 378 2318 enarrant
397 2288 520 2324 gloriam
543 2287 608 2314 Dei.
631 2299 668 2305 —-
687 2284 746 2316 4a,
773 2281 791 2310 2
812 2286 843 2310 et
861 2284 955 2317 intras,
981 2284 1056 2311 infra
1078 2285 1122 2312 als
1143 2285 1268 2312 Adverb.
1289 2299 1325 2303 —
1346 2284 1404 2315 4a,
1433 2282 1451 2310 3

133 2331 152 2358 l.
173 2332 203 2358 et
223 2329 331 2356 horas?
352 2341 389 2345 —
409 2325 462 2358 41),
487 2324 505 2352 3
526 2328 555 2352 et
568 2324 661 2351 nobis
685 2336 722 2341 —-
744 2320 1046 2353 5a‚1nascitu1·.-
1067 2323 1127 2350 Der
1142 2323 1216 2350 Text
1229 2323 1279 2350 der
1294 2323 1397 2357 Quelle
1413 2324 1452 2350 ist

134 2368 265 2396 offenbar
289 2365 422 2395 entstellt
447 2364 506 2392 und
534 2363 626 2390 bleibt
651 2361 726 2389 auch
754 2364 829 2388 trotz
850 2359 923 2388 aller
941 2364 1093 2396 gewagten
1114 2361 1316 2396 Konjekturen
1337 2361 1449 2388 dunkel

133 2407 193 2435 und
216 2404 402 2442 geschraubt.

192 2455 322 2482 BIumo,
339 2452 421 2483 Tropi
438 2450 600 2475 Graduales.
628 2449 650 2472 1.
1239 2446 1277 2474 23
