1650 2659
635 117 897 153 —129-

457 221 484 244 c.
510 212 593 253 Iesu,
621 218 748 247 nostrae

556 270 639 294 nunc
664 263 792 295 tandem
818 264 904 296 vocis
931 264 1078 304 clangore

508 308 691 349 importuno
717 311 866 350 exercite,

511 356 731 397 insontumque
758 362 849 390 coetu
874 363 1026 399 precante

509 412 579 435 cum
606 406 691 437 omni
718 407 763 437 tui
791 407 859 438 cive

507 451 599 484 nobis
625 453 753 486 eleison.

188 545 274 573 Grad.
304 554 355 572 ms.
381 546 589 574 Cameracense
622 555 696 574 saec.
731 546 774 574 12.
825 548 894 574 Cod.
926 548 1110 575 Cameracen.
1142 547 1178 575 62
1206 546 1271 578 (61).
1300 563 1332 566 —
1366 548 1420 574 Mit

113 583 247 611 Melodie.
267 598 304 602 —
324 583 568 615 Beachtenswert,
590 584 654 611 dass
675 585 732 612 alle
747 585 838 612 Verse
855 586 937 619 jeder
954 587 1078 621 §trophe
1100 587 1151 613 aut*
1169 594 1186 614 e
1202 586 1366 613 achliesseu.
1383 600 1418 604 —

113 623 174 650 Das
194 621 300 656 Kyrie
325 620 496 654 (Christe)
517 622 665 649 eleison
685 623 759 659 folgt
775 623 858 657 jeder
879 624 1012 659 Strophe.

537 771 582 802 65.
624 771 722 810 Kyrie
746 771 864 811 „Alpha
886 775 917 803 et
938 773 987 802 0⁴st

125 946 156 970 a.
184 936 290 976 Alpha
316 940 345 968 et
372 936 409 974 O,
437 936 586 976 princeps
809 936 840 970 b.
869 937 1044 977 Gloriosus,
1072 945 1190 967 summe

183 987 214 1014 et
239 985 326 1024 origo
352 992 470 1021 eorum,
868 985 978 1018 bonus,
1006 985 1156 1015 immense
1183 985 1278 1019 Deus,

181 1040 260 1070 quae
286 1034 368 1069 sunt,
396 1035 488 1070 pater
514 1035 632 1066 sancte.
868 1032 1004 1062 clemens
1031 1035 1144 1071 rector,
1173 1033 1294 1071 adesto,

183 1079 310 1116 eleison,
338 1079 441 1118 thrie
466 1078 594 1111 eleison.
869 1079 997 1112 eleison.
1025 1078 1127 1119 Kyros<
1151 1078 1278 1111 eleison.

509 1183 535 1205 e.
562 1173 690 1205 Summa
715 1177 865 1215 potestas,

566 1230 628 1253 una
655 1221 767 1260 deitas,
796 1225 906 1252 sancta

565 1268 702 1308 trinitas,
730 1269 907 1307 benedicte,

565 1317 692 1349 eleison.
722 1316 822 1356 Kyrie
848 1316 974 1348 eleison.

120 1486 154 1510 a.
179 1476 313 1517 Christe,
338 1485 475 1516 sponsae
501 1481 573 1508 tuae
805 1477 834 1510 b.
863 1476 896 1508 Si
922 1485 983 1507 non
1009 1476 1111 1516 audis,
1141 1485 1247 1516 quare,

180 1533 272 1556 voces
295 1525 435 1563 attende,
464 1524 577 1556 clamat
866 1524 981 1555 dilecte
1007 1533 1104 1564 mem,
1132 1524 1258 1564 sanguis

179 1571 256 1604 tibi:
283 1573 446 1610 miserere,
864 1576 935 1603 tuns
963 1570 1049 1603 fusus
1077 1580 1134 1610 pro
1162 1575 1232 1603 me?

174 1619 303 1660 eleison,
331 1619 458 1652 Christe
484 1619 610 1653 eleison.
863 1620 991 1660 eleison,
1021 1619 1149 1651 Christe
1175 1619 1302 1654 eleison,

508 1723 534 1747 c.
562 1714 648 1746 Audi
673 1718 705 1745 et
731 1714 856 1751 exaudi,

563 1762 765 1801 imperatoris
791 1762 904 1792 summi

563 1809 609 1840 fili
634 1809 797 1848 altissime,

563 1857 691 1894 eleison,
721 1857 848 1889 Christe
873 1857 1000 1889 eleison.

746 1954 776 1986 3.

118 2029 152 2052 a.
179 2019 294 2052 Sancte
319 2019 462 2060 spiritus,
490 2019 574 2060 veni,
802 2017 833 2050 b.
861 2019 957 2059 Ignis,
985 2019 1148 2059 splendor,
1176 2018 1246 2050 fons
1271 2018 1352 2052 vive,

176 2068 259 2107 veni,
286 2067 375 2108 reple
399 2071 524 2099 tuorum
860 2066 986 2107 munda,
1014 2070 1110 2107 terge,
1137 2073 1254 2106 nosque

175 2120 297 2147 mentes
323 2118 354 2147 et
379 2114 530 2153 accende,
863 2113 921 2145 tibi
948 2114 1009 2146 iam
1037 2115 1198 2154 coniunge,

176 2163 306 2202 eleison,
333 2162 437 2203 Kyrie
462 2161 590 2194 eleison.
863 2161 992 2201 eleison,
1019 2162 1120 2202 Kyrie
1147 2162 1273 2194 eleison.

505 2265 532 2290 c.
559 2257 660 2288 Amor
686 2255 802 2295 divine,
827 2265 928 2296 prope

562 2312 646 2336 nunc
669 2304 799 2342 accede,
826 2302 878 2335 fac
903 2313 958 2336 nos

561 2362 624 2384 una
649 2355 754 2383 tecum
780 2359 859 2390 esse,

562 2400 693 2440 eleison,
719 2399 823 2441 Kyrie
852 2399 978 2432 eleison.

161 2459 292 2487 Blume,
313 2459 396 2488 'rt-opi
412 2458 575 2482 Graduales.
598 2458 620 2481 Ι.
1231 2454 1246 2482 9
