1650 2659
677 114 937 149 —187—

553 217 579 241 c.
606 210 643 242 In
668 210 845 243 Galilaeam
875 214 1009 254 pergite,

607 257 653 289 ibi
676 266 745 289 eum
773 259 934 293 videbitis.

236 344 320 379 Trop.
345 351 397 370 ms.
418 343 654 370 Beneventanum
678 351 753 370 saec.
777 342 821 371 12.
861 345 930 372 Cod.
953 346 1047 380 Capit.
1070 347 1264 376 Beneventan.
1287 348 1330 377 25.
1352 365 1387 369 —
1412 350 1462 383 la,

165 381 183 411 2
201 382 339 418 plorabat.
359 395 393 400 —
417 379 468 413 lb,
489 378 508 407 2
527 389 592 407 cum
613 380 694 408 fehlt.
716 396 753 401 —
776 380 823 414 lc,
848 381 861 409 1
883 384 1084 419 interrogavit.
1106 399 1141 403 —
1163 385 1212 417 212,
1235 386 1252 414 ‘2
1273 388 1411 415 osculum,
1426 404 1461 408 -

165 419 215 453 2ο,
243 419 257 447 l
281 420 361 448 Cum.
382 433 417 438 —
437 416 498 451 3b,
526 417 540 445 1
562 418 659 446 Illum.
680 433 716 438 -
738 417 791 452 30,
822 419 834 446 1
859 422 989 457 pergitis.
1011 436 1046 440 —
1070 423 1128 449 Vor
1147 424 1229 459 jeder
1251 426 1387 462 Strophe‚
1408 428 1463 454 den

165 460 287 487 Kontext
306 457 430 490 storend,
451 457 564 492 Kyrie
583 457 757 491 (Christe)
777 458 931 486 eleison.

579 569 639 602 130.
672 568 770 608 Kyrie
792 569 899 607 „Alme
921 573 1043 610 pater“.

181 728 209 751 a.
234 717 324 750 Alme
349 720 450 757 pater,
853 716 884 748 b.
910 718 967 755 Qui
993 727 1052 757 pro
1078 718 1167 751 nobis

232 766 311 806 Iesu,
337 773 448 804 magne
470 764 567 804 Deus,
594 765 646 804 pie
913 766 1096 804 sanguinem
1122 765 1232 799 fudisti
1258 772 1354 807 tuum,

231 813 379 845 miserere
403 812 505 846 nobiS.
914 813 1086 844 clementer
1111 816 1254 848 emunda.

554 897 580 921 c.
608 888 796 928 Redemptis
820 888 882 919 tuis
908 893 962 920 tua

612 936 715 975 gratia
739 944 865 975 semper
890 937 978 974 assit,
1006 946 1097 976 quam

611 984 680 1023 ipse
706 984 890 1023 promisisti.

798 1071 828 1102 2.

179 1145 206 1168 a.
233 1135 368 1177 Christe,
393 1139 496 1175 pater,
524 1135 563 1166 de
590 1136 686 1166 caelis
857 1135 887 1167 b.
916 1136 949 1166 In
978 1136 1124 1167 laudibus
1151 1142 1183 1167 ut
1210 1137 1270 1167 tuis

233 1183 354 1223 respice
378 1183 450 1219 tuis,
475 1191 515 1214 ne
539 1183 697 1219 labantur,
913 1192 1090 1214 mereamur
1115 1184 1178 1223 iugi
1205 1185 1319 1215 assisti,

556 1277 583 1302 c.
611 1269 780 1308 Nunquam
807 1268 989 1300 deficiamus

612 1320 800 1356 protegente
828 1317 961 1348 dextera
988 1321 1052 1348 tua.

799 1403 829 1436 3.

180 1477 208 1501 a.
234 1467 342 1500 Gloria
366 1468 425 1500 tibi
856 1468 886 1500 b.
915 1470 1010 1507 Quem
1040 1474 1166 1504 canunt,
1192 1470 1263 1509 iuge

235 1516 382 1553 canimus,
410 1525 485 1548 vera
510 1515 638 1548 trinitas
917 1517 1042 1556 saepius
1069 1516 1126 1546 tibi
1153 1517 1325 1548 clamantes

234 1567 266 1595 et
289 1564 404 1603 unitas,
429 1573 563 1606 semper,
916 1566 1060 1601 sanctuS,
1088 1563 1232 1606 Sanctus,
1261 1564 1405 1602 Sanctus,

558 1659 584 1682 c.
611 1650 763 1682 Hosanna
788 1651 842 1690 pio

615 1698 683 1738 regi
709 1698 848 1737 Christo,
874 1707 949 1729 vero
977 1697 1042 1729 Deo

613 1746 645 1777 in
671 1746 775 1777 saecla
802 1746 988 1777 saeclorum.

236 1829 322 1865 Trop.
349 1838 403 1856 ms.
423 1830 661 1857 Beneventanum
683 1839 757 1857 saec.
782 1829 824 1857 12.
866 1830 935 1857 Cod.
958 1831 1054 1865 Capit⁴
1079 1830 1273 1857 Beneventan.
1298 1827 1342 1856 25.
1364 1843 1398 1847 —-
1422 1828 1469 1859 lc,

166 1865 366 1904 lRedemptos
387 1871 452 1895 tuos
473 1872 562 1896 tuam.
586 1884 621 1888 —-
644 1868 689 1901 lc,
711 1867 729 1895 2
748 1870 884 1904 gratiam.
908 1883 941 1886 ——
957 1867 1007 1899 2a,
1029 1866 1046 1894 2
1061 1867 1172 1896 labant.
1193 1882 1229 1886 ——
1245 1866 1295 1899 212,
1320 1866 1332 1893 1
1350 1868 1418 1893 suis*
1435 1882 1468 1885 —-

163 1902 216 1970 ἰξέ
236 1904 494 1972 ilncgzli-unlzxgigile.
509 1921 540 1926 —
561 1905 610 1940 3e,
634 1906 720 1943 lpie.
735 1923 770 1927 —
786 1907 920 1942 Stellung
934 1907 984 1934 des
1006 1907 1115 1941 Kyrie
1136 1906 1302 1939 (Christe)
1325 1905 1470 1932 eleison

540 2019 593 2051 131.
625 2020 724 2060 Kyrie
745 2020 886 2056 „Caelum
907 2021 1087 2059 terraque&

178 2173 207 2198 a.
233 2166 362 2199 Caelum
389 2170 537 2208 terraque
861 2167 892 2202 b.
920 2167 1013 2200 Celsa
1037 2170 1179 2207 potestas

233 2216 265 2245 te
290 2214 482 2258 collaudant,
919 2215 1103 2256 angelorum

232 2261 264 2293 in
290 2262 424 2294 excelsis
920 2264 1014 2295 etiam
1041 2266 1072 2294 te

232 2314 264 2341 et
288 2314 397 2342 coetus
421 2311 533 2343 laudat.
920 2311 1122 2352 benedicens,

234 2358 395 2399 angelicus
421 2363 452 2390 et
477 2359 579 2392 omnis
918 2363 950 2391 et
974 2359 1068 2391 homo
1093 2359 1236 2391 mortalis

233 2410 380 2439 ereatura
403 2406 437 2439 in
461 2411 635 2440 aeternum.
919 2417 1028 2447 ovans,
1049 2411 1080 2439 te
1106 2407 1339 2439 benedicentes.
