1650 2659
735 156 994 190 —394—

615 290 684 321 443.
725 293 830 330 Agnus
853 291 927 330 „Qui
947 293 983 324 (lo
1003 293 1127 324 caelis“.

219 398 248 428 1.
277 397 392 436 Aynus
409 395 473 426 Dei
498 414 544 418 —
563 400 698 438 peecata
715 398 840 439 mundi,
902 400 932 432 2.
958 399 1073 439 Agnus
1091 397 1156 428 Dei
1178 415 1224 418 —
1243 400 1380 436 peccata
1398 395 1525 433 mundi,

276 444 334 482 Qui
361 444 400 474 de
426 443 522 474 caelis
550 443 753 480 descendisti,
962 446 1021 484 Qui
1046 445 1183 476 Mariam
1208 444 1334 486 elegisti

323 490 508 522 Misericors
535 490 679 528 Domine.
1008 492 1146 522 Matrem
1173 489 1242 521 fore
1264 491 1386 530 gratiae

276 537 318 568 Et
342 537 430 569 nasci
456 546 518 567 non
545 537 721 576 despexisti
962 540 1067 577 Atque
1092 546 1148 568 nos
1175 546 1193 568 a
1219 538 1287 569 zelo
1314 537 1398 569 tristi

324 584 373 615 De
397 584 503 616 Maria
529 584 662 624 virgine,
1010 584 1120 622 Piasti,
1147 593 1204 615 rex
1230 585 1362 625 gloriae,

372 632 519 662 miserere
543 631 645 664 nobis.
1056 631 1205 663 miserere
1229 632 1329 665 nobis.

552 747 583 777 3.
610 745 725 785 Aynus
752 745 815 776 Dei
841 763 885 766 —
906 747 1039 784 peccata
1068 746 1192 786 mundi,

610 794 741 824 Praesta
768 792 869 831 nobis,
897 793 980 833 quod
1007 798 1163 832 optamus.

660 842 720 872 Per
747 840 870 870 Mariae
896 841 1040 881 gloriam,

615 888 655 919 Ut
681 896 810 919 servare
836 888 997 919 valeamus

659 935 834 966 Caelestem
863 935 1074 977 concordiam,

705 983 790 1013 dona
815 982 907 1014 nobis
929 992 1055 1022 pacem.

293 1094 379 1128 Trop.
409 1102 459 1119 nis.
488 1093 679 1128 >Sangallense
708 1101 782 1120 saec.
810 1092 869 1125 (ll.
898 1096 936 1126 et)
965 1092 1006 1121 13.
1048 1093 1116 1121 Cod.
1145 1093 1313 1129 Sangallen.
1343 1092 1406 1121 382.
1427 1093 1461 1121 A.
1490 1109 1528 1113 ——

218 1131 306 1166 Trop.
324 1141 374 1157 ins.
389 1131 542 1157 Diessense
558 1140 632 1157 saec.
649 1130 690 1157 14.
704 1132 774 1158 Clm.
789 1131 940 1157 Monacen.
953 1130 1035 1159 5539.
1048 1133 1081 1158 B.
1093 1145 1128 1149 —
1142 1133 1274 1158 cantion.
1288 1141 1339 1159 ms.
1353 1133 1528 1160 Secoviense

218 1171 288 1194 anui
314 1168 393 1195 1:345.
431 1168 498 1194 Cod.
515 1168 653 1195 Graeeen.
674 1168 736 1195 756.
752 1169 783 1195 C.
805 1183 841 1185 —
862 1169 948 1196 Grad.
964 1178 1014 1195 ms.
1030 1169 1240 1205 Mosbnrgense
1255 1171 1324 1196 anni
1341 1168 1421 1197 1360.
1456 1169 1526 1197 Cod.

220 1207 306 1233 Univ.
330 1207 479 1232 Monacen.
504 1205 556 1232 156
572 1205 634 1232 Fol.
650 1207 685 1232 D.
708 1221 744 1224 —
765 1205 899 1233 Cantion.
922 1216 972 1233 ms.
987 1207 1224 1242 Engelbergense
1246 1209 1314 1234 anni
1340 1206 1419 1235 1372.
1455 1207 1528 1234 Cod.

219 1243 431 1278 Engelbei-gen.
460 1242 524 1269 314.
554 1243 588 1269 E.
612 1258 643 1262 ·-
668 1244 786 1270 Collect.
814 1252 866 1269 ms».
888 1243 1074 1271 Erfordiense
1102 1253 1176 1271 saec.
1206 1244 1278 1271 ¹⁴1'15.
1320 1246 1389 1273 Cod.
1411 1245 1526 1272 Carols-

218 1280 320 1307 ruhau.
343 1282 393 1307 Ρη]
418 1279 460 1306 lli.
483 1281 546 1307 add.
569 1290 643 1308 saec.
669 1281 711 1308 15.
733 1289 775 1308 ex.
798 1281 828 1307 F.
850 1295 887 1298 —
911 1280 942 1313 l,
969 1280 987 1308 2
1014 1282 1048 1309 de
1072 1282 1152 1309 caelo
1174 1284 1207 1309 A.
1229 1297 1266 1300 —
1287 1280 1319 1315 2,
1346 1281 1363 1309 2
1390 1282 1527 1318 delegisti

217 1319 250 1344 A.
272 1332 308 1337 ·—
329 1318 363 1351 2,
391 1319 408 1343 ’ἦ
429 1318 503 1344 Fore
531 1322 649 1345 mati-em
675 1320 694 1344 Α
720 1320 744 1345 l)
765 1318 790 1344 E
812 1319 842 1344 F.
865 1333 902 1336 —
923 1318 955 1351 2,
981 1319 1000 1346 4
1021 1320 1116 1355 Atque
1143 1320 1228 1347 nobis
1248 1320 1289 1354 Ez,
1317 1329 1335 1347 a
1362 1321 1423 1348 celo
1444 1321 1468 1347 B
1489 1321 1525 1354 E,

221 1356 297 1382 scelo
319 1357 348 1382 F.
373 1372 406 1375 -
429 1354 455 1385 ⁶2,
476 1355 492 1381 5
516 1364 563 1381 rex
585 1357 692 1390 optime
715 1357 744 1382 F.

552 1539 621 1569 444.
663 1541 765 1579 Agnus
788 1540 909 1576 „Patris
932 1540 1035 1571 faetus
1057 1542 1188 1572 hostia&

222 1657 251 1687 1.
279 1657 395 1695 Agnus
414 1655 476 1686 Dei
502 1673 547 1677 —
569 1661 699 1695 peccata
718 1657 842 1700 mundi,
902 1660 934 1691 2.
961 1659 1075 1699 Agnus
1095 1659 1155 1690 Dei
1185 1677 1222 1680 —
1245 1664 1381 1699 peccata
1398 1660 1527 1703 vitandi,

283 1703 385 1734 Patris
413 1702 513 1733 factus
540 1703 651 1743 hostia,
960 1707 1019 1746 Qui
1041 1715 1097 1738 nos
1122 1711 1176 1737 tuo
1205 1708 1356 1747 sanguine

279 1750 437 1781 Mundans
463 1754 570 1781 nostra
596 1753 737 1786 crimina,
960 1754 1115 1793 Dignatus
1141 1762 1174 1784 es
1200 1755 1298 1793 luere,

326 1797 490 1839 Miserere,
519 1799 679 1840 miserere,
1005 1802 1172 1843 Miserere,
1199 1803 1360 1843 miserere,

329 1845 474 1876 miserere
498 1845 599 1878 nobis.
1007 1849 1156 1881 miserere
1181 1850 1282 1882 nobis.

553 1961 584 1991 3.
611 1960 725 2000 Aynus
752 1959 816 1991 Dei
840 1978 886 1982 —
906 1965 1042 2001 peccata
1066 1963 1192 2004 mundi,

611 2007 738 2039 Nostris
764 2009 886 2039 eunetis
911 2009 1056 2041 hostibus

613 2055 793 2095 Subiugatis
819 2056 946 2095 penitus

612 2102 710 2133 Tuam
738 2103 869 2134 caelitus

658 2150 760 2189 Dona,
787 2150 879 2193 dona,

659 2198 745 2229 dona
770 2198 861 2229 nobis
883 2207 1006 2237 pacem,

296 2307 383 2342 Trop.
405 2315 456 2334 ms.
473 2307 664 2343 Sangallense
684 2319 760 2337 saec.
784 2308 826 2336 10.
864 2310 933 2336 Cod.
948 2310 1116 2345 Sangallen.
1130 2307 1194 2337 378.
1209 2311 1274 2338 add.
1289 2320 1365 2340 saec.
1381 2311 1425 2340 13.
1439 2313 1473 2340 A.
1487 2328 1526 2334 —-

221 2345 309 2379 Trop.
330 2353 383 2371 ms.
399 2346 591 2380 Sangallense
611 2355 687 2374 saec.
710 2347 753 2375 11.
775 2348 814 2374 in.
847 2348 918 2375 Cod.
933 2347 1101 2383 Sangalleu.
1120 2345 1186 2374 381.
1207 2349 1271 2376 add.
1286 2358 1362 2378 saee-
1378 2349 1422 2379 13.
1436 2351 1470 2378 B.
1491 2366 1528 2371 —

221 2381 307 2417 Trmp.
338 2391 390 2410 ms.
412 2384 603 2419 Sangallense
629 2394 704 2412 saec.
728 2385 784 2419 (11.
813 2385 851 2418 et)
879 2383 922 2412 13.
962 2386 1031 2413 Cod.
1053 2385 1219 2420 Sangallen.
1247 2386 1312 2415 382.
1335 2387 1366 2415 C.
1387 2403 1422 2408 —
1443 2389 1526 2418 Pros.

222 2430 271 2445 ms.
302 2421 440 2449 Branderi
462 2423 663 2458 Sangallensis
685 2425 755 2450 anni
778 2421 859 2450 1507.
900 2423 970 2450 eod.
993 2422 1160 2459 Sangalleu.
1181 2423 1246 2453 456.
1268 2426 1304 2453 D.
