1650 2659
629 118 889 153 —211—

533 295 594 327 158.
616 296 714 336 KyrIe
735 297 801 329 Rex
821 298 999 332 immensae.

489 365 531 392 In
551 366 648 393 festo
670 367 852 404 Corporis
874 370 1029 398 Christi.

746 475 776 508 1.

131 557 159 580 a.
183 546 291 587 Kyrie„
808 549 840 582 b.
868 551 969 590 Kyrie

183 594 249 627 Rex
274 595 443 627 immensae
867 598 1041 631 Universae

184 642 322 684 Pietatis,
349 643 459 675 laudes
487 644 602 675 exaudi
866 645 1036 678 creaturae
1062 652 1173 688 potens
1201 655 1334 692 creator,

184 690 402 722 Famulantum
429 690 544 735 devote
570 693 639 732 tibi,
866 693 967 724 Nobis
993 704 1117 735 semper
1142 697 1221 727 assis
1244 704 1415 738 protector,

229 737 354 772 eleison.
914 742 1042 776 eleison.

423 842 450 865 c,
478 834 591 875 Kyrie,
619 838 671 874 qui
698 836 862 876 proprium

481 881 529 913 De
555 883 653 913 caelis
679 884 793 915 misisti
819 883 930 923 tilium,

480 929 523 961 Ut
550 931 688 962 salvaret
715 931 865 962 mundum
895 933 1065 971 perditum,

527 977 656 1010 eleison.

752 1095 783 1125 2.

132 1175 160 1199 a.
185 1165 318 1206 Christe,
345 1172 419 1199 nate
444 1167 567 1207 virgine
816 1168 847 1202 b.
875 1169 1000 1201 Christe
1026 1171 1131 1209 specie
1158 1170 1247 1208 panis

183 1213 286 1245 Maria
311 1215 370 1246 viri
398 1216 466 1246 sine
491 1216 626 1248 semine.
871 1217 907 1248 In
940 1226 1016 1248 cena
1042 1226 1156 1258 corpus
1183 1221 1268 1248 tuum
1296 1218 1421 1249 conficis

185 1261 368 1293 Pneumatis
394 1263 470 1294 almi
496 1264 674 1302 spiramine
870 1264 912 1295 Et
940 1270 1086 1296 cenantes
1113 1264 1186 1295 inde
1214 1265 1326 1299 reficis,

186 1308 286 1341 Homo
311 1308 414 1341 factus
439 1319 472 1341 es
499 1320 557 1350 pro
585 1311 729 1350 homine3
873 1312 990 1351 Pignus
1017 1321 1139 1344 sacrum
1167 1312 1253 1351 plebi
1279 1313 1405 1343 conficis

238 1357 366 1391 eleison.
919 1360 1048 1391 eleison.

456 1462 482 1485 c.
511 1453 646 1494 Christe,
675 1455 766 1493 panis
798 1455 945 1491 caelicus,

509 1501 658 1533 Mellicus
685 1501 787 1541 favus,
816 1501 904 1532 cibus
929 1503 1052 1541 typicus

511 1549 598 1581 Ordo
625 1558 716 1588 quem
743 1549 854 1580 laudat
880 1550 1053 1588 angelicus,

510 1596 602 1628 Assis
628 1597 718 1628 nobis
745 1597 1002 1636 paenitentibus:

560 1644 689 1676 eleison.

757 1761 787 1792 3.

129 1843 158 1868 a.
183 1834 293 1876 Kyrie,
815 1834 846 1868 b.
874 1835 986 1877 Kyrie,

228 1883 281 1923 qui
307 1883 443 1915 mitteris
469 1892 488 1914 a
513 1888 608 1923 patre
919 1882 1051 1922 spiritus
1078 1882 1287 1923 sanctissime,

182 1930 226 1962 Et
249 1935 335 1971 nato,
872 1930 966 1962 Dona
995 1931 1073 1961 dans

228 1979 405 2018 procedens
431 1977 471 2010 ab
497 1982 643 2018 utroque,
921 1976 1118 2017 septiformis
1145 1978 1277 2017 gratiae,

182 2027 284 2060 Unius
311 2036 379 2058 cum
406 2026 456 2058 his
481 2025 690 2067 substantiae,
874 2026 923 2056 Da
949 2035 1006 2056 nos
1032 2029 1063 2056 te
1089 2029 1174 2057 recte
1202 2025 1345 2065 diligere,

182 2074 368 2115 coaequalis
406 2078 439 2106 et
465 2078 642 2108 coaeterne.
873 2073 1020 2105 Solamen
1048 2073 1184 2105 dolentis
1212 2074 1347 2111 animae,

229 2122 359 2155 eleison.
920 2121 1049 2154 eleison.

451 2225 480 2251 c.
506 2217 619 2257 Kyrie,
647 2217 774 2258 spirans
801 2216 977 2247 multifarie

508 2264 649 2297 Vatibus
674 2263 833 2304 loquenda
859 2263 1047 2303 prophetice

511 2312 642 2344 Secreta
667 2311 814 2343 caelestis
841 2311 971 2351 gloriae,

510 2361 579 2392 Tua
605 2360 688 2391 dona
714 2359 804 2391 nobis
829 2357 962 2390 infunde

561 2408 690 2441 eleison.

1206 2461 1262 2489 14*
