1650 2659
647 142 690 148 -
744 123 811 158 199
860 143 906 147 —

538 282 600 313 144.
634 282 732 321 Kyrie
755 283 912 321 „Piissime
933 286 1020 315 rex“.

764 385 793 415 1.

147 459 174 483 a.
199 449 340 481 Piissime
819 450 849 484 b.
878 451 940 482 Pro
967 451 1091 482 homine

200 505 263 536 rex,
287 495 398 537 Kffle,
879 506 917 528 ex
943 499 1064 538 virgine

201 548 303 575 rector
327 543 556 584 cunctipotens,
879 546 972 576 homo
999 545 1112 584 factus,
1141 547 1275 582 Christe,

199 591 295 623 nostri
320 591 451 631 dignare
880 594 1000 624 cunctis
1026 593 1198 626 clementer

199 639 322 673 eleison.
879 641 1006 674 eleison.

519 744 546 767 c.
575 736 690 768 Passus
716 736 802 766 necis

575 783 779 815 taeterrimae

575 840 705 871 poenaS,
733 840 751 862 o
778 831 922 867 Domine,

576 879 737 917 praesenti
764 883 886 910 turmae

575 926 704 957 eleison.

765 1023 797 1054 2.

144 1095 170 1118 a.
197 1086 281 1119 Caeli
307 1094 373 1123 rex,
402 1086 538 1125 Christe,
818 1088 847 1122 b.
876 1088 1067 1120 Cunctorum
1094 1088 1230 1125 Christe,

197 1137 360 1173 terraeque
385 1134 549 1173 pulchrae,
878 1137 1060 1166 monstrasti
1086 1136 1200 1167 clausis

197 1181 247 1220 qui
273 1181 311 1212 de
337 1181 483 1221 sepulcro
507 1184 722 1219 resurrexisti,
878 1184 929 1222 qui
958 1187 988 1214 te
1013 1183 1117 1214 ianuis
1145 1184 1269 1215 dilectis
1292 1183 1364 1223 tuis,

196 1228 319 1262 eleison.
879 1231 1009 1264 eleison.

522 1334 548 1357 c.
577 1325 714 1365 Christe,
741 1331 813 1366 post
839 1331 971 1357 mortem

575 1374 638 1405 iam
666 1373 770 1404 caelos
798 1373 849 1404 die

577 1421 820 1461 quadragesima
847 1421 898 1460 qui
926 1421 1148 1460 conscendisti,

577 1468 708 1501 eleison.

757 1565 787 1598 3.

140 1636 168 1661 a.
192 1627 251 1667 Eu,
276 1628 357 1668 ignis
383 1628 414 1660 in
441 1630 558 1670 specie,
816 1630 847 1663 b.
873 1630 992 1670 Fulges
1017 1630 1070 1669 qui
1096 1630 1210 1662 throno
1236 1630 1347 1670 patris,

189 1675 290 1716 Kyrie
877 1678 986 1718 Kyrie,

192 1731 259 1762 rex,
287 1723 476 1763 paraclitum
503 1726 655 1766 apostolis
877 1735 932 1756 nos
959 1725 1144 1765 perenniter
1171 1725 1341 1756 voluntatis

191 1775 330 1803 sanctum
356 1771 490 1813 misism
876 1777 948 1804 tuae
974 1772 1102 1804 firmans
1128 1773 1159 1804 in

191 1827 315 1859 semper
339 1821 440 1852 nostri
877 1821 956 1862 lege,
984 1820 1075 1851 nobis

191 1866 318 1900 eleison.
878 1869 1006 1901 eleison.

518 1973 543 1998 c.
573 1964 762 1996 Dominator
785 1964 946 2003 immense,

576 2012 678 2052 Kyrie

573 2068 638 2101 rex,
667 2060 810 2092 iudicare
837 2069 906 2091 cum
932 2059 1057 2091 veneris

575 2107 616 2139 ab
641 2117 715 2139 arce
740 2116 848 2139 omnes

577 2155 680 2187 tribus
706 2159 821 2197 terrae,

575 2203 648 2234 huic
674 2208 749 2235 tunc
774 2207 898 2234 turmae
924 2203 1061 2233 clemens

570 2251 700 2284 eleison.

189 2343 312 2380 Tropar.
326 2352 379 2371 ms.
394 2344 600 2373 Wintenieuse
615 2354 689 2373 saec.
707 2344 752 2373 10.
769 2354 814 2373 ex.
850 2344 919 2372 Cod.
936 2345 1079 2372 Oxonien.
1094 2345 1177 2372 Bodl.
1193 2343 1257 2372 775.
1273 2342 1336 2370 add.
1352 2351 1427 2370 saec.

117 2379 159 2407 11.
178 2397 217 2402 —
236 2379 295 2415 2a,
321 2380 340 2410 3
363 2385 526 2412 sun-existi.
547 2399 583 2403 —
604 2382 659 2416 3ο,
689 2383 703 2411 1
726 2385 873 2411 Immense
893 2383 1074 2417 dominator;
1095 2391 1188 2419 gegen
1209 2383 1255 2410 die
1276 2382 1427 2408 Assonanz

113 2419 165 2446 auf
180 2425 200 2448 e
217 2418 303 2456 (resp.
326 2418 356 2455 i),
377 2421 487 2450 welche
508 2424 538 2450 in
559 2423 638 2450 allen
659 2423 770 2451 Versen
791 2422 947 2450 erscheint.
970 2438 1005 2441 —
1026 2421 1154 2449 Melodie
1175 2421 1254 2448 fehlt.
