1650 2659
761 162 925 196 -338
974 180 1019 186 —

592 291 659 321 328.
699 292 829 322 Sanetus
852 291 932 327 „Ave
953 299 1028 322 earo
1049 290 1192 322 Christi“.

254 381 284 412 1.
310 381 390 420 Ave,
417 389 490 412 caro
514 380 642 417 Christi.
931 379 963 413 2.
991 379 1096 420 Salve,
1123 380 1250 419 sanguis
1277 377 1406 416 Christi,

310 427 395 465 Quae
421 437 479 468 pro
503 427 594 458 nobis
989 426 1048 464 Qui
1073 435 1132 466 pro
1157 425 1250 458 nobis

358 483 452 513 passa
477 473 566 505 fuisti
1038 473 1078 504 de
1103 473 1203 503 latere
1228 471 1358 512 finxisti,

311 520 526 560 Cunctumque
552 520 701 559 populum
990 519 1104 551 Omnes
1129 528 1186 550 nos
1213 518 1350 551 defende

358 568 529 600 redemisti.
1037 575 1057 597 a
1082 574 1159 596 nece
1184 565 1279 598 tristi.

315 662 450 692 sequent.
473 669 522 686 ms.
545 659 686 686 Branderi
709 659 910 694 Sangallensis
930 660 999 686 anni
1023 656 1103 684 1507.
1135 657 1206 685 eod.
1231 657 1398 693 Sangalien.
1420 653 1485 683 546.
1507 671 1542 675 —

238 698 297 723 Vm·
318 697 395 727 iader
418 697 540 732 strophe
565 696 773 731 „Sanctus“.

521 836 587 865 329.
628 835 758 866 Sanetus
781 835 868 872 „lesu
889 834 966 865 bone
988 843 1043 865 rex
1065 835 1098 865 in
1119 833 1245 864 caelis&

690 901 741 926 De
767 901 883 926 Beata
903 899 1021 926 Maria
1043 896 1081 925 V.

243 989 270 1019 1.
301 987 372 1017 Iesu
398 985 489 1024 bone,
517 994 574 1016 rex
601 986 633 1016 in
660 987 768 1027 caelis,
930 986 962 1018 2.
989 986 1084 1024 Ergo,
1113 986 1197 1024 lesu,
1223 985 1303 1016 caeli
1329 988 1446 1025 rector,

311 1034 361 1064 Ad
388 1037 418 1064 te
442 1034 557 1064 clamat
582 1032 672 1072 plebs
699 1033 803 1064 fidelis
990 1033 1076 1064 Tuae
1103 1032 1207 1072 plebis
1233 1032 1277 1063 sis
1303 1034 1468 1071 protector

358 1080 406 1111 De
431 1081 502 1112 lacu
527 1080 685 1113 miseriae.
1036 1080 1159 1111 Mariae
1185 1089 1243 1118 pro
1268 1080 1402 1113 meritis,

581 1176 611 1207 3.
632 1174 842 1214 Imploramus
868 1174 1055 1206 adiutricem

633 1221 732 1253 Tuam
758 1222 841 1261 piam
868 1222 1069 1261 genetricem.

316 1317 452 1349 sequent.
477 1323 526 1340 ms.
549 1314 688 1341 Branderi
711 1314 911 1349 Sangallensis
936 1317 1005 1341 anni
1029 1313 1109 1342 1507.
1150 1315 1219 1341 Cod.
1243 1315 1400 1351 Sangallen
1421 1313 1486 1342 546.
1508 1331 1544 1336 -

240 1352 301 1379 Vor
317 1352 398 1387 jeder
419 1352 541 1387 Strophe
565 1352 766 1386 „Sanctus“.

615 1490 683 1520 330.
723 1491 852 1521 Sanctus
872 1491 958 1527 „Flos
980 1491 1142 1522 candens“.

690 1556 739 1582 De
767 1556 882 1582 Beata
908 1556 1026 1582 Maria
1046 1557 1081 1582 Y.

253 1642 282 1672 1.
310 1640 384 1671 Flos
955 1669 961 1675 .

309 1688 455 1720 Candens
477 1688 578 1719 oritur
605 1688 643 1720 de
669 1690 772 1729 spina,
930 1643 949 1674 2
986 1644 1141 1722 ΒΒἸῗιεῐιᾱηη]
1169 1690 1296 1722 divinus
1321 1690 1451 1730 rigavit,

312 1735 394 1765 Deus
423 1735 540 1766 deitate
566 1735 649 1767 trina
987 1738 1047 1776 Qui
1078 1741 1280 1778 peccatorum
1309 1739 1418 1778 culpas
1444 1738 1543 1779 lavit3

311 1781 359 1813 De
385 1783 492 1822 regina
989 1785 1081 1817 Illum
1107 1785 1195 1824 pavit

358 1829 471 1861 Maria.
1035 1833 1150 1864 Maria.

580 1926 610 1956 3.
634 1924 710 1960 Nos,

635 1972 715 2014 Iesu,
745 1973 876 2014 dignare
902 1973 1026 2006 salvare

634 2020 677 2052 Ut
704 2025 734 2051 te
760 2021 914 2059 possimus
940 2022 1122 2053 collaudare

633 2066 796 2104 Exaltare‚

681 2115 797 2147 Maria.

318 2206 450 2232 (Damion.
478 2214 529 2231 ms.
551 2206 726 2232 Socoviense
747 2207 816 2232 anni
840 2205 920 2233 1345.
962 2207 1027 2234 Csd.
1050 2206 1187 2233 Graecen.
1211 2207 1273 2236 756.
1295 2210 1329 2236 A.
1351 2224 1386 2228 -
1410 2210 1545 2239 Cantion.

241 2253 292 2271 nis.
323 2243 558 2277 Eugelbergcuse
590 2244 657 2268 anni
691 2242 772 2270 1372.
819 2244 888 2271 Cod.
914 2244 1126 2280 Engelbergen.
1156 2242 1219 2272 314.
1248 2248 1279 2272 B.
1306 2262 1342 2266 —
1373 2247 1461 2274 Grad.
1492 2259 1546 2277 ms.

240 2281 436 2309 Altovadense
465 2282 532 2306 anni
564 2279 643 2306 1410.
684 2282 752 2308 (jod.
776 2281 947 2308 Altovaden.
968 2281 1013 2309 42.
1035 2282 1067 2309 C.
1087 2296 1125 2300 —
1146 2282 1281 2311 Cantion.
1303 2293 1355 2311 ms.
1376 2285 1545 2315 Wenceslai

241 2321 274 2347 de
289 2319 454 2354 Wyskytna
469 2320 537 2344 anui
553 2317 633 2344 1512.
655 2318 724 2345 Cod.
735 2320 810 2346 Mus.
823 2320 941 2346 Bohem.
953 2321 1026 2347 XIII
1037 2322 1062 2346 A
1073 2317 1099 2345 2.
1111 2320 1146 2346 D.
1158 2335 1195 2339 —
1207 2322 1291 2349 Cant.
1302 2330 1353 2348 ms.
1365 2322 1546 2358 Tegurinum

242 2367 316 2385 saec.
346 2356 387 2384 15.
435 2358 514 2392 Cgm.
542 2357 693 2382 Monaceu.
721 2356 783 2383 716.
811 2357 846 2384 E.
874 2371 909 2375 —
941 2357 1076 2394 Sequent.
1102 2366 1154 2384 ms.
1182 2359 1324 2386 Branderi
1344 2359 1546 2395 Sangallensig

242 2397 311 2424 anni
337 2393 417 2422 1507.
458 2394 525 2421 Cod.
548 2393 714 2429 Sangallen.
735 2393 798 2421 546.
820 2395 851 2421 F.
867 2411 902 2414 —
925 2393 950 2426 1,
970 2395 989 2422 4
1009 2396 1091 2430 regia
1111 2395 1148 2427 ῦς
1170 2396 1215 2422 De
1235 2399 1349 2432 virgine
1370 2397 1406 2424 D.
1424 2413 1459 2418 —
1483 2401 1507 2434 1,
1528 2404 1548 2433 4

241 2444 282 2470 sq.
305 2435 348 2461 De
368 2433 463 2460 Maria
483 2433 563 2468 regia
585 2432 616 2458 B.
632 2446 668 2449 —
682 2431 707 2459 2.
731 2431 744 2458 1
767 2432 839 2459 fehlt
858 2434 894 2459 D.
911 2447 942 2452 —
959 2431 986 2465 2,
1006 2431 1024 2459 2
1045 2434 1172 2459 Divinus
1193 2435 1331 2462 mundum
1351 2434 1390 2468 1¹33
1413 2438 1547 2471 perflavit
