1650 2659
725 145 981 181 —352—

537 252 603 283 349.
637 253 778 284 Hosanna
803 254 924 291 „Patris
945 254 977 285 iu
998 255 1162 286 dexter-21⁶⁴.

700 342 715 372 1
723 366 731 374 .
757 341 933 380 Hosmma,

206 417 264 447 2³.
291 417 395 448 Patris
421 418 453 448 iu
480 418 622 448 dextera,

293 463 349 494 tibi
377 464 417 494 sit
445 465 554 503 gloria.

205 548 264 578 3³.
291 547 485 587 Angelorum
512 548 637 587 agmina

291 603 383 633 quam
411 595 589 626 cecinerant
614 604 701 633 una3

204 681 264 709 4a.
290 681 375 709 Arca

291 726 450 765 stirpsque
475 725 644 764 Dauidica,

887 416 950 450 2b.
976 415 1075 448 Nobis
1102 425 1167 455 pax
1192 419 1240 446 est
1265 415 1322 446 illa

975 464 1121 502 supernis
1147 462 1273 503 emissa,

887 547 949 579 3b.
978 547 1102 580 Pariter
1128 547 1209 578 hanc
1234 556 1309 586 pars
1335 550 1446 579 nostra

975 598 1102 634 promat
1127 603 1206 626 VOCO
1230 603 1354 627 sonora.

889 682 908 711 4
919 679 949 711 b.
978 679 1071 712 Celsa

975 727 1138 758 continens
1165 731 1196 758 et
1221 726 1294 767 ima,

198 812 255 840 5a.
285 810 362 841 Iube
389 820 444 842 nos
472 810 624 842 scandere
651 811 790 853 aethera,
886 812 948 844 5b.
976 813 1001 844 Ο
1028 813 1109 855 Iesu,
1138 816 1225 844 recta
1250 821 1308 852 per
1332 821 1452 853 operar,

674 898 704 929 6.
731 897 815 928 Aula
841 897 920 928 caeli
946 897 1015 929 loca

733 953 788 975 nos
815 954 872 984 per
897 946 1024 976 saecula

730 991 765 1021 in
790 992 928 1024 excelsis.

271 1083 357 1116 Trop.
379 1092 430 1108 ms.
451 1085 638 1110 Narbonense
660 1094 734 1111 saec.
758 1083 801 1112 12.
836 1085 906 1113 (jod,
920 1086 1044 1112 Parisin.
1069 1084 1134 1113 778.
1154 1102 1189 1106 —-
1214 1086 1296 1113 Ohne
1312 1086 1448 1114 Melodie.
1463 1102 1500 1106 —

196 1118 246 1149 23,
271 1120 283 1147 1
306 1122 336 1147 in
358 1120 436 1147 fehlt.
458 1135 494 1139 —
516 1121 565 1152 lb,
593 1121 604 1148 1
629 1126 673 1149 est
692 1122 772 1149 fehlt.
795 1138 829 1142 —
851 1123 975 1150 Auslaut
995 1123 1069 1150 aller
1089 1124 1234 1160 Strophen
1255 1125 1307 1151 auf
1324 1132 1352 1153 a.

553 1269 618 1299 350.
650 1270 793 1300 hosanna
817 1270 982 1307 „Fidenam
1005 1275 1136 1302 turma-2

204 1367 258 1398 la.
287 1367 448 1397 Hoscmna
885 1369 942 1401 lb.
970 1370 1087 1401 Divina
1113 1372 1279 1403 clementia

290 1413 448 1444 Fidelium
472 1418 575 1444 turma
967 1418 1089 1457 regenti
1111 1420 1217 1450 omnia

289 1461 399 1491 jubilet
967 1470 1136 1504 concrepet

288 1517 369 1538 nunc
394 1516 469 1538 voce
494 1517 607 1539 sonora
967 1512 1043 1544 haec
1069 1514 1172 1545 contio
1198 1522 1289 1545 sacra

287 1560 315 1585 et
340 1555 440 1585 dicat:
469 1556 643 1588 Hosauna.
966 1565 995 1590 et
1023 1559 1124 1591 dicat:
1156 1562 1326 1594 Hosmma.

203 1640 260 1673 23,
289 1640 346 1670 His
374 1638 488 1670 fruitur
514 1640 641 1671 vocibus
879 1643 940 1678 2b.
969 1645 1021 1677 Sic
1047 1645 1214 1678 Dominum
1242 1647 1385 1686 sequitur

287 1687 379 1717 laude
407 1687 499 1725 digna
965 1696 1068 1724 mente
1094 1694 1155 1735 pia,

286 1734 376 1772 plebs
404 1734 549 1765 Hebraea
964 1740 1037 1771 duni
1064 1741 1205 1780 triplicat

287 1781 442 1812 clamans:
470 1782 643 1814 Hosamm.
963 1788 1120 1820 clamans:
1147 1789 1322 1823 Hosanna.

199 1867 258 1898 3a.
286 1865 438 1905 Angelica
877 1871 938 1904 3b.
966 1874 1061 1906 Cuius
1087 1883 1208 1906 summa

284 1921 396 1952 nempe
422 1912 536 1945 factori
963 1919 1064 1960 fulget
1088 1930 1146 1960 per
1171 1921 1282 1952 mundi

285 1961 400 2000 iugiter
425 1962 549 1998 agmina
963 1972 1112 2007 quattuor
1137 1969 1265 2000 elimata

287 2008 453 2038 concinunt
481 2016 556 2039 voce
581 2009 722 2042 tinnula:
963 2016 1074 2054 tinus,
1101 2015 1202 2047 honor
1227 2020 1259 2047 et
1283 2017 1401 2056 gloria:

284 2054 408 2086 Sancte.
435 2061 543 2086 sancte
569 2065 635 2096 rex,
662 2067 787 2097 semper
962 2062 1104 2103 Semper,
1131 2071 1267 2103 semper,
1294 2074 1350 2097 rex
1370 2070 1490 2106 sancte,

284 2102 324 2132 sit
350 2101 407 2132 tibi
435 2102 607 2135 Hosanna.
962 2110 1003 2140 sit
1029 2109 1087 2140 tibi
1112 2110 1287 2142 Hosamza.

509 2190 538 2219 4.
567 2188 764 2221 Carminibus
790 2200 921 2230 quorum
947 2194 1082 2225 assiduis

566 2235 680 2278 valeat,
708 2245 726 2267 o
751 2238 849 2280 Deus,
874 2243 960 2271 tuum
986 2242 1110 2280 plasma

567 2283 713 2323 coniungi
738 2287 895 2325 perpetim
918 2288 954 2318 in
979 2287 1117 2320 excelsis.

262 2377 347 2420 Tr-op.
369 2384 426 2441 lms.
448 2376 637 2403 Narbonense
658 2384 732 2403 saec.
756 2375 798 2404 12.
839 2379 909 2407 Cod.
929 2380 1056 2408 Parisin.
1077 2379 1140 2408 778.
1162 2396 1199 2401 —
1219 2380 1271 2417 3a,
1291 2383 1311 2411 4
1330 2386 1490 2415 concinunt

185 2423 262 2441 nunc
284 2419 368 2441 nunu
381 2422 407 2440 a.
