1650 2659
722 125 980 160 *333*

205 213 238 244 3.
264 212 404 246 Sanctus
891 222 925 252 4.
951 221 1115 254 Dominus
1140 238 1185 243 —
1208 221 1314 260 yloria
1340 223 1405 255 tua.

263 259 414 299 Spiritus,
441 261 604 296 influentia
947 270 1045 308 Quam
1073 277 1131 308 pro
1156 269 1361 307 poenitentia.

265 307 372 339 Corda
397 310 583 342 exsistentia
949 321 1035 355 Quae
1060 315 1095 346 fit
1121 324 1188 346 curn
1216 314 1393 354 frequentin

311 354 431 386 Habito
455 357 569 388 timore
997 363 1129 402 Sumpto
1155 362 1238 393 bono
1262 371 1349 393 more

311 401 389 433 Cum
415 402 488 434 fidei
517 405 621 437 calore
996 411 1071 442 Cum
1099 410 1253 440 castitatis
1279 409 1356 441 flore

358 449 430 481 Non
458 451 549 482 differ
574 453 735 486 illustrare
1040 458 1095 488 Vis
1121 456 1220 497 nobis,
1255 456 1390 497 Christe,
1423 456 1502 487 dare

356 496 399 528 Et
424 499 571 530 morbida
595 509 719 533 sanare.
1043 505 1094 536 Ad
1119 504 1206 535 iilam
1233 509 1263 535 et
1289 513 1413 537 ornare.

533 578 563 607 5.
585 576 790 612 Benedictus,
818 580 872 616 qm·
897 581 980 610 venit
1009 581 1041 610 in

634 625 766 655 nominc
788 627 938 664 Domini,

636 671 738 702 Verus
763 672 794 703 in
822 675 968 712 essentia,

635 718 698 749 Sua
723 728 779 750 nos
804 722 985 759 praesentia

682 766 864 798 Pneumatis
892 776 960 798 cum
987 776 1058 799 rore

683 813 757 844 Vutt
782 823 875 845 unum
903 824 1007 846 secum
1034 814 1115 851 fore,

728 860 794 892 Nos
820 862 917 900 igitur
943 871 1065 902 curare,

728 909 885 950 Salvator,
914 910 1002 941 veliS.
1029 918 1112 941 care.

261 980 426 1008 Lectionar.
456 989 506 1006 mc.
534 981 680 1017 Augiense
709 990 784 1009 saec.
813 981 856 1010 12.
898 984 967 1010 eod.
989 984 1291 1018 Cars›1ffl·11}1an.Aug.
1314 984 1382 1010 XXI
1410 982 1497 1014 (175.)

184 1017 248 1045 add.
271 1027 347 1045 saec.
371 1016 414 1045 13.
433 1032 470 1036 —-
491 1019 612 1046 Gleiciie
635 1019 760 1047 Melodie
782 1021 828 1047 fiir
850 1021 907 1047 alle
927 1020 944 1047 5
966 1022 1121 1057 Strophen.

508 1150 570 1181 319.
611 1151 742 1180 sanetus
765 1150 926 1186 „Divinum
947 1150 1159 1189 mysterium&

627 1211 676 1237 De
705 1210 863 1245 Corpore
891 1210 1047 1237 Christi.

200 1286 230 1317 1.
257 1286 415 1323 Sanctus;
885 1289 916 1319 3.
940 1288 1099 1324 Sanctus,-

257 1333 407 1365 Divinum
433 1335 617 1372 mysterium
943 1336 1037 1367 Panis
1063 1335 1151 1374 prius
1179 1336 1329 1369 cernitur,

304 1381 437 1421 Semper
463 1383 657 1424 declaratur,
990 1383 1042 1417 Et,
1070 1383 1144 1413 dum
1171 1386 1385 1415 consecratur,

256 1428 299 1460 Et
324 1438 412 1461 mens
437 1428 613 1461 infidelium
941 1431 1022 1462 Caro
1050 1436 1123 1461 tune
1151 1429 1289 1461 efficitur

303 1476 441 1508 Tumens
467 1482 668 1512 excaecatur.
990 1477 1126 1518 Christi3
1155 1478 1200 1508 sic
1226 1482 1374 1509 mutatur.

256 1524 366 1556 Firma
392 1533 465 1564 spes
490 1525 685 1556 credentium
940 1525 1102 1564 Quomodo
1129 1524 1350 1557 convertitur?

302 1572 385 1604 Fide
410 1573 589 1606 roboratur.
988 1572 1074 1604 Deus
1105 1577 1266 1614 operatur.

195 1650 226 1680 2.
253 1649 412 1687 Sanctus,·
881 1649 912 1680 4.
939 1648 1103 1680 Dominus
1129 1648 1219 1680 Deus
1244 1648 1399 1685 Saluum&

255 1695 354 1728 Fides
381 1700 428 1727 est
451 1705 650 1735 summopere
940 1696 989 1727 De
1016 1696 1088 1727 vino
1115 1696 1271 1736 similiter,

304 1745 444 1777 Credere
470 1744 502 1775 in
529 1743 641 1779 Deum,
988 1742 1019 1774 Si
1048 1744 1089 1774 sit
1116 1743 1328 1782 benedictum

257 1792 370 1824 Panem
398 1797 542 1823 sanctum
570 1793 665 1823 edere
940 1791 989 1822 Ex
1016 1795 1091 1822 tunc
1120 1795 1167 1822 est
1193 1791 1351 1823 veraciter

299 1839 344 1872 Et
367 1843 508 1872 tractare
535 1848 615 1871 eum.
992 1839 1126 1878 Sanguis
1152 1838 1271 1870 Christi
1299 1839 1428 1871 dictum.

252 1888 368 1919 Iube-ns
395 1887 490 1919 dicit:
520 1887 650 1926 Sumite,
943 1885 1116 1917 Credamus
1143 1887 1366 1927 communiter3

302 1935 373 1967 Hoc
399 1939 447 1966 est
474 1943 590 1975 corpus
616 1943 729 1966 meum.
992 1934 1106 1966 Verum
1135 1938 1192 1975 est,
1219 1943 1280 1966 non
1307 1934 1424 1968 fictum.

468 2013 498 2043 5.
524 2010 618 2042 Pleni
642 2012 718 2041 sunt
744 2009 827 2041 caeli
854 2026 899 2030 —
927 2008 960 2039 in
986 2009 1130 2050 excelsi53

525 2058 626 2090 Nobis
653 2056 888 2088 celebrantibus

573 2106 660 2137 Istud
686 2108 916 2136 sacramentum

525 2154 569 2185 Et
592 2154 714 2184 cunctis
741 2151 943 2183 credentibus

572 2202 645 2233 Fiat
671 2200 909 2237 nutrimentum,

525 2249 679 2282 Omnibus
705 2247 892 2286 negantibus

572 2296 619 2328 Sit
645 2296 677 2327 in
705 2294 939 2326 detrimentum.

254 2374 342 2410 Trop.
370 2381 422 2401 ms.
451 2371 698 2409 Wingartense(?)
725 2377 800 2398 saec.
827 2367 870 2398 13.
909 2370 983 2398 God.
1011 2370 1078 2398 Stut
1093 2369 1221 2398 aardien.
1244 2370 1298 2398 ΗΒ
1318 2371 1330 2396 1
1352 2371 1417 2397 Asc.
1446 2368 1491 2396 95.

177 2414 212 2441 A.
232 2427 270 2432 --
292 2413 428 2440 Cantion.
450 2419 502 2438 ms.
524 2410 762 2446 Engelbergense
782 2410 852 2436 anni
876 2406 958 2436 1372.
993 2407 1062 2436 Cod.
1112 2409 1298 2445 ngelbergen.
1320 2407 1382 2436 314.
1407 2409 1439 2435 Β.
1455 2424 1492 2428 -
