<?xml version="1.0" encoding="UTF-8"?>
<!DOCTYPE html PUBLIC "-//W3C//DTD XHTML 1.0 Transitional//EN"
    "http://www.w3.org/TR/xhtml1/DTD/xhtml1-transitional.dtd">
<html xmlns="http://www.w3.org/1999/xhtml" xml:lang="en" lang="en">
 <head>
  <title>
</title>
<meta http-equiv="Content-Type" content="text/html;charset=utf-8" />
  <meta name='ocr-system' content='tesseract 3.04.00' />
  <meta name='ocr-capabilities' content='ocr_page ocr_carea ocr_par ocr_line ocrx_word'/>
</head>
<body>
  <div class='ocr_page' id='page_1' title='image "./analectahymnica47drevuoft_0181.png"; bbox 0 0 1650 2659; ppageno 0'>
   <div class='ocr_carea' id='block_1_1' title="bbox 780 178 1037 213">
    <p class='ocr_par' dir='ltr' id='par_1_1' title="bbox 780 178 1037 213">
     <span class='ocr_line' id='line_1_1' title="bbox 780 178 1037 213; baseline 0.008 -1"><span class='ocrx_word' id='word_1_1' title='bbox 780 178 1037 213; x_wconf 85' lang='lat'>—178—</span> 
     </span>
    </p>
   </div>
   <div class='ocr_carea' id='block_1_2' title="bbox 271 359 1376 451">
    <p class='ocr_par' dir='ltr' id='par_1_2' title="bbox 271 359 1376 451">
     <span class='ocr_line' id='line_1_2' title="bbox 271 359 1376 401; baseline 0 -7"><span class='ocrx_word' id='word_1_2' title='bbox 271 373 300 395; x_wconf 85' lang='lat' dir='ltr'>a.</span> <span class='ocrx_word' id='word_1_3' title='bbox 327 363 461 396; x_wconf 85' lang='lat' dir='ltr'>Dicens:</span> <span class='ocrx_word' id='word_1_4' title='bbox 490 372 527 394; x_wconf 86' lang='lat' dir='ltr'>en</span> <span class='ocrx_word' id='word_1_5' title='bbox 554 363 623 398; x_wconf 84' lang='lat' dir='ltr'>iste,</span> <span class='ocrx_word' id='word_1_6' title='bbox 950 359 981 391; x_wconf 88' lang='lat' dir='ltr'>b.</span> <span class='ocrx_word' id='word_1_7' title='bbox 1005 361 1064 400; x_wconf 84' lang='lat' dir='ltr'>Qui</span> <span class='ocrx_word' id='word_1_8' title='bbox 1089 369 1218 400; x_wconf 84' lang='lat' dir='ltr'>regnum</span> <span class='ocrx_word' id='word_1_9' title='bbox 1244 362 1376 401; x_wconf 72' lang='lat' dir='ltr'>praebet.</span> 
     </span>
     <span class='ocr_line' id='line_1_3' title="bbox 328 409 1353 451; baseline -0.001 -9"><span class='ocrx_word' id='word_1_10' title='bbox 328 411 381 451; x_wconf 90' lang='lat' dir='ltr'>qui</span> <span class='ocrx_word' id='word_1_11' title='bbox 406 410 491 441; x_wconf 85' lang='lat' dir='ltr'>tollit</span> <span class='ocrx_word' id='word_1_12' title='bbox 516 409 658 449; x_wconf 86' lang='lat' dir='ltr'>crimina,</span> <span class='ocrx_word' id='word_1_13' title='bbox 1009 413 1182 449; x_wconf 80' lang='lat' dir='ltr'>aeternum,</span> <span class='ocrx_word' id='word_1_14' title='bbox 1208 409 1353 451; x_wconf 81' lang='lat' dir='ltr'>caeleste,</span> 
     </span>
    </p>
   </div>
   <div class='ocr_carea' id='block_1_3' title="bbox 653 512 1082 600">
    <p class='ocr_par' dir='ltr' id='par_1_3' title="bbox 653 512 1082 600">
     <span class='ocr_line' id='line_1_4' title="bbox 653 512 1082 551; baseline 0 -7"><span class='ocrx_word' id='word_1_15' title='bbox 653 523 680 547; x_wconf 79' lang='lat' dir='ltr'>c.</span> <span class='ocrx_word' id='word_1_16' title='bbox 706 513 743 544; x_wconf 90' lang='lat' dir='ltr'>In</span> <span class='ocrx_word' id='word_1_17' title='bbox 769 521 830 551; x_wconf 89' lang='lat' dir='ltr'>quo</span> <span class='ocrx_word' id='word_1_18' title='bbox 857 522 927 544; x_wconf 87' lang='lat' dir='ltr'>cum</span> <span class='ocrx_word' id='word_1_19' title='bbox 954 512 1082 544; x_wconf 88' lang='lat' dir='ltr'>Christo</span> 
     </span>
     <span class='ocr_line' id='line_1_5' title="bbox 708 560 1071 600; baseline 0.006 -8"><span class='ocrx_word' id='word_1_20' title='bbox 708 569 873 600; x_wconf 83' lang='lat' dir='ltr'>regnemus</span> <span class='ocrx_word' id='word_1_21' title='bbox 899 560 931 591; x_wconf 87' lang='lat' dir='ltr'>in</span> <span class='ocrx_word' id='word_1_22' title='bbox 957 560 1071 594; x_wconf 80' lang='lat' dir='ltr'>saecla.</span> 
     </span>
    </p>
   </div>
   <div class='ocr_carea' id='block_1_4' title="bbox 254 662 1557 890">
    <p class='ocr_par' dir='ltr' id='par_1_4' title="bbox 254 662 1557 890">
     <span class='ocr_line' id='line_1_6' title="bbox 330 662 1556 700; baseline 0.001 -8"><span class='ocrx_word' id='word_1_23' title='bbox 330 667 417 700; x_wconf 88' lang='lat' dir='ltr'>Trop.</span> <span class='ocrx_word' id='word_1_24' title='bbox 446 673 497 692; x_wconf 88' lang='lat' dir='ltr'>ms.</span> <span class='ocrx_word' id='word_1_25' title='bbox 526 666 687 692; x_wconf 86' lang='lat' dir='ltr'>Romanum</span> <span class='ocrx_word' id='word_1_26' title='bbox 716 673 790 691; x_wconf 83' lang='lat' dir='ltr'>saec.</span> <span class='ocrx_word' id='word_1_27' title='bbox 813 663 886 691; x_wconf 80' lang='lat' dir='ltr'><em>¹¹l12.</em></span> <span class='ocrx_word' id='word_1_28' title='bbox 927 663 996 691; x_wconf 84' lang='lat' dir='ltr'>Cod.</span> <span class='ocrx_word' id='word_1_29' title='bbox 1018 665 1151 690; x_wconf 80' lang='lat' dir='ltr'>Vatican.</span> <span class='ocrx_word' id='word_1_30' title='bbox 1179 662 1262 691; x_wconf 85' lang='lat'>5319.</span> <span class='ocrx_word' id='word_1_31' title='bbox 1283 664 1317 692; x_wconf 86' lang='lat' dir='ltr'>A.</span> <span class='ocrx_word' id='word_1_32' title='bbox 1338 680 1374 684; x_wconf 97' lang='lat'><strong>—</strong></span> <span class='ocrx_word' id='word_1_33' title='bbox 1395 665 1481 693; x_wconf 85' lang='lat' dir='ltr'>Grad.</span> <span class='ocrx_word' id='word_1_34' title='bbox 1506 676 1556 693; x_wconf 83' lang='lat' dir='ltr'>ms.</span> 
     </span>
     <span class='ocr_line' id='line_1_7' title="bbox 257 701 1556 738; baseline 0.002 -9"><span class='ocrx_word' id='word_1_35' title='bbox 257 705 356 730; x_wconf 77' lang='lat' dir='ltr'>incert.</span> <span class='ocrx_word' id='word_1_36' title='bbox 379 704 482 738; x_wconf 65' lang='lat' dir='ltr'>origin.</span> <span class='ocrx_word' id='word_1_37' title='bbox 506 704 575 730; x_wconf 85' lang='lat' dir='ltr'>anui</span> <span class='ocrx_word' id='word_1_38' title='bbox 598 701 668 729; x_wconf 85' lang='lat'>1071</span> <span class='ocrx_word' id='word_1_39' title='bbox 686 701 771 733; x_wconf 75' lang='lat' dir='ltr'>(nach</span> <span class='ocrx_word' id='word_1_40' title='bbox 785 702 937 737; x_wconf 77' lang='lat' dir='ltr'>GeorgiuS,</span> <span class='ocrx_word' id='word_1_41' title='bbox 958 702 1003 729; x_wconf 88' lang='lat' dir='ltr'>De</span> <span class='ocrx_word' id='word_1_42' title='bbox 1017 703 1129 737; x_wconf 87' lang='lat' dir='ltr'>Liturg.</span> <span class='ocrx_word' id='word_1_43' title='bbox 1145 703 1227 730; x_wconf 69' lang='lat' dir='ltr'>Rom.</span> <span class='ocrx_word' id='word_1_44' title='bbox 1242 702 1348 730; x_wconf 78' lang='lat' dir='ltr'>Pontif.</span> <span class='ocrx_word' id='word_1_45' title='bbox 1365 701 1556 732; x_wconf 80' lang='lat'>1731—1744.</span> 
     </span>
     <span class='ocr_line' id='line_1_8' title="bbox 255 738 1555 776; baseline 0.002 -9"><span class='ocrx_word' id='word_1_46' title='bbox 255 745 324 768; x_wconf 87' lang='lat' dir='ltr'>tom.</span> <span class='ocrx_word' id='word_1_47' title='bbox 346 743 404 775; x_wconf 81' lang='lat'>111,</span> <span class='ocrx_word' id='word_1_48' title='bbox 427 751 453 776; x_wconf 88' lang='lat' dir='ltr'>p.</span> <span class='ocrx_word' id='word_1_49' title='bbox 475 739 548 773; x_wconf 82' lang='lat'>520).</span> <span class='ocrx_word' id='word_1_50' title='bbox 571 742 602 768; x_wconf 91' lang='grc' dir='ltr'>Β.</span> <span class='ocrx_word' id='word_1_51' title='bbox 624 755 660 760; x_wconf 93' lang='lat'>-·-</span> <span class='ocrx_word' id='word_1_52' title='bbox 683 739 736 772; x_wconf 82' lang='lat' dir='ltr'>lb,</span> <span class='ocrx_word' id='word_1_53' title='bbox 758 738 775 766; x_wconf 85' lang='lat'>2</span> <span class='ocrx_word' id='word_1_54' title='bbox 796 740 886 767; x_wconf 85' lang='lat' dir='ltr'>latere</span> <span class='ocrx_word' id='word_1_55' title='bbox 908 740 942 766; x_wconf 84' lang='lat' dir='ltr'>A.</span> <span class='ocrx_word' id='word_1_56' title='bbox 962 754 999 759; x_wconf 81' lang='lat'>-</span> <span class='ocrx_word' id='word_1_57' title='bbox 1020 739 1070 773; x_wconf 72' lang='lat' dir='ltr'>2a,</span> <span class='ocrx_word' id='word_1_58' title='bbox 1092 738 1110 766; x_wconf 84' lang='lat'>2</span> <span class='ocrx_word' id='word_1_59' title='bbox 1131 744 1210 768; x_wconf 85' lang='lat' dir='ltr'>ortus</span> <span class='ocrx_word' id='word_1_60' title='bbox 1230 740 1339 768; x_wconf 78' lang='lat' dir='ltr'>Christi</span> <span class='ocrx_word' id='word_1_61' title='bbox 1360 742 1392 768; x_wconf 91' lang='lat' dir='ltr'>B.</span> <span class='ocrx_word' id='word_1_62' title='bbox 1413 756 1450 760; x_wconf 88' lang='lat'>—</span> <span class='ocrx_word' id='word_1_63' title='bbox 1470 739 1519 775; x_wconf 78' lang='lat' dir='ltr'>2b,</span> <span class='ocrx_word' id='word_1_64' title='bbox 1542 742 1555 770; x_wconf 98' lang='lat' dir='ltr'><strong>l</strong></span> 
     </span>
     <span class='ocr_line' id='line_1_9' title="bbox 254 776 1557 814; baseline 0.002 -9"><span class='ocrx_word' id='word_1_65' title='bbox 254 779 408 806; x_wconf 77' lang='lat' dir='ltr'>adventum</span> <span class='ocrx_word' id='word_1_66' title='bbox 424 780 481 805; x_wconf 83' lang='lat' dir='ltr'>AB.</span> <span class='ocrx_word' id='word_1_67' title='bbox 507 793 542 797; x_wconf 89' lang='lat'>—</span> <span class='ocrx_word' id='word_1_68' title='bbox 560 778 612 812; x_wconf 78' lang='lat' dir='ltr'>2b,</span> <span class='ocrx_word' id='word_1_69' title='bbox 635 776 652 805; x_wconf 84' lang='lat'><strong>2</strong></span> <span class='ocrx_word' id='word_1_70' title='bbox 673 787 843 814; x_wconf 81' lang='lat' dir='ltr'>praeconem</span> <span class='ocrx_word' id='word_1_71' title='bbox 859 779 891 810; x_wconf 92' lang='lat' dir='ltr'>B,</span> <span class='ocrx_word' id='word_1_72' title='bbox 910 786 1086 813; x_wconf 78' lang='lat' dir='ltr'>praeconum</span> <span class='ocrx_word' id='word_1_73' title='bbox 1100 778 1133 804; x_wconf 88' lang='lat' dir='ltr'>A.</span> <span class='ocrx_word' id='word_1_74' title='bbox 1148 793 1185 797; x_wconf 92' lang='lat'>—-</span> <span class='ocrx_word' id='word_1_75' title='bbox 1198 776 1251 810; x_wconf 73' lang='lat' dir='ltr'>3b.</span> <span class='ocrx_word' id='word_1_76' title='bbox 1276 776 1294 805; x_wconf 83' lang='grc'>2</span> <span class='ocrx_word' id='word_1_77' title='bbox 1307 780 1460 806; x_wconf 81' lang='lat' dir='ltr'>caelestem</span> <span class='ocrx_word' id='word_1_78' title='bbox 1473 782 1507 808; x_wconf 87' lang='lat' dir='ltr'>A.</span> <span class='ocrx_word' id='word_1_79' title='bbox 1521 796 1557 799; x_wconf 97' lang='lat'><strong>—</strong></span> 
     </span>
     <span class='ocr_line' id='line_1_10' title="bbox 254 815 1557 853; baseline 0.003 -12"><span class='ocrx_word' id='word_1_80' title='bbox 254 815 301 848; x_wconf 68' lang='lat'>30,</span> <span class='ocrx_word' id='word_1_81' title='bbox 324 817 341 844; x_wconf 84' lang='lat'>2</span> <span class='ocrx_word' id='word_1_82' title='bbox 363 817 479 844; x_wconf 77' lang='lat' dir='ltr'>saecula</span> <span class='ocrx_word' id='word_1_83' title='bbox 500 819 532 843; x_wconf 76' lang='grc' dir='ltr'>Β.</span> <span class='ocrx_word' id='word_1_84' title='bbox 555 832 590 835; x_wconf 93' lang='lat'>-—</span> <span class='ocrx_word' id='word_1_85' title='bbox 612 817 667 844; x_wconf 83' lang='lat' dir='ltr'>Die</span> <span class='ocrx_word' id='word_1_86' title='bbox 682 816 809 843; x_wconf 77' lang='lat' dir='ltr'>Melodie</span> <span class='ocrx_word' id='word_1_87' title='bbox 829 818 869 847; x_wconf 88' lang='lat' dir='ltr'>(in</span> <span class='ocrx_word' id='word_1_88' title='bbox 890 816 925 849; x_wconf 77' lang='lat' dir='ltr'>A)</span> <span class='ocrx_word' id='word_1_89' title='bbox 945 817 983 842; x_wconf 84' lang='lat' dir='ltr'>ist</span> <span class='ocrx_word' id='word_1_90' title='bbox 1003 817 1049 843; x_wconf 74' lang='lat' dir='ltr'>fur</span> <span class='ocrx_word' id='word_1_91' title='bbox 1069 816 1126 843; x_wconf 83' lang='lat' dir='ltr'>alle</span> <span class='ocrx_word' id='word_1_92' title='bbox 1148 816 1293 852; x_wconf 84' lang='lat' dir='ltr'>Strophen</span> <span class='ocrx_word' id='word_1_93' title='bbox 1313 818 1360 844; x_wconf 86' lang='lat' dir='ltr'>die</span> <span class='ocrx_word' id='word_1_94' title='bbox 1380 817 1500 853; x_wconf 83' lang='lat' dir='ltr'>gleiche.</span> <span class='ocrx_word' id='word_1_95' title='bbox 1521 833 1557 837; x_wconf 94' lang='lat'>—-</span> 
     </span>
     <span class='ocr_line' id='line_1_11' title="bbox 256 853 1556 890; baseline 0.002 -9"><span class='ocrx_word' id='word_1_96' title='bbox 256 856 315 881; x_wconf 79' lang='lat' dir='ltr'>Vor</span> <span class='ocrx_word' id='word_1_97' title='bbox 332 855 414 889; x_wconf 84' lang='lat' dir='ltr'><strong>jeder</strong></span> <span class='ocrx_word' id='word_1_98' title='bbox 436 855 559 890; x_wconf 80' lang='lat' dir='ltr'>Strophe</span> <span class='ocrx_word' id='word_1_99' title='bbox 580 854 671 889; x_wconf 78' lang='lat' dir='ltr'>steht,</span> <span class='ocrx_word' id='word_1_100' title='bbox 698 854 891 889; x_wconf 74' lang='lat' dir='ltr'>annrganisch</span> <span class='ocrx_word' id='word_1_101' title='bbox 912 854 1090 885; x_wconf 81' lang='lat' dir='ltr'>verbunden,</span> <span class='ocrx_word' id='word_1_102' title='bbox 1112 855 1224 890; x_wconf 86' lang='lat' dir='ltr'>Kyrie</span> <span class='ocrx_word' id='word_1_103' title='bbox 1246 853 1384 887; x_wconf 80' lang='lat' dir='ltr'>(Christe)</span> <span class='ocrx_word' id='word_1_104' title='bbox 1403 855 1556 884; x_wconf 80' lang='lat' dir='ltr'>eleison.</span> 
     </span>
    </p>
   </div>
   <div class='ocr_carea' id='block_1_5' title="bbox 602 1003 1214 1042">
    <p class='ocr_par' dir='ltr' id='par_1_5' title="bbox 602 1003 1214 1042">
     <span class='ocr_line' id='line_1_12' title="bbox 602 1003 1214 1042; baseline 0.003 -9"><span class='ocrx_word' id='word_1_105' title='bbox 602 1003 663 1034; x_wconf 82' lang='grc'>120.</span> <span class='ocrx_word' id='word_1_106' title='bbox 696 1003 792 1042; x_wconf 67' lang='lat' dir='ltr'>Kyrie</span> <span class='ocrx_word' id='word_1_107' title='bbox 816 1003 880 1042; x_wconf 80' lang='lat' dir='ltr'>„Ad</span> <span class='ocrx_word' id='word_1_108' title='bbox 901 1003 1025 1034; x_wconf 79' lang='lat' dir='ltr'>laudem</span> <span class='ocrx_word' id='word_1_109' title='bbox 1047 1005 1214 1036; x_wconf 77' lang='lat' dir='ltr'>summae“.</span> 
     </span>
    </p>
   </div>
   <div class='ocr_carea' id='block_1_6' title="bbox 273 1176 1422 1361">
    <p class='ocr_par' dir='ltr' id='par_1_6' title="bbox 273 1176 1422 1361">
     <span class='ocr_line' id='line_1_13' title="bbox 273 1176 1238 1212; baseline 0.002 -3"><span class='ocrx_word' id='word_1_110' title='bbox 273 1187 302 1210; x_wconf 86' lang='lat' dir='ltr'>a.</span> <span class='ocrx_word' id='word_1_111' title='bbox 332 1176 384 1212; x_wconf 91' lang='lat' dir='ltr'>Ad</span> <span class='ocrx_word' id='word_1_112' title='bbox 411 1177 535 1210; x_wconf 84' lang='lat' dir='ltr'>laudem</span> <span class='ocrx_word' id='word_1_113' title='bbox 562 1187 700 1210; x_wconf 83' lang='lat' dir='ltr'>summae</span> <span class='ocrx_word' id='word_1_114' title='bbox 952 1178 983 1211; x_wconf 93' lang='lat' dir='ltr'>b.</span> <span class='ocrx_word' id='word_1_115' title='bbox 1011 1176 1238 1211; x_wconf 83' lang='lat' dir='ltr'>Benedicamus</span> 
     </span>
     <span class='ocr_line' id='line_1_14' title="bbox 331 1226 1422 1266; baseline 0.002 -10"><span class='ocrx_word' id='word_1_116' title='bbox 331 1226 482 1257; x_wconf 70' lang='lat' dir='ltr'>trinitatis</span> <span class='ocrx_word' id='word_1_117' title='bbox 508 1226 671 1265; x_wconf 88' lang='lat' dir='ltr'>proprium</span> <span class='ocrx_word' id='word_1_118' title='bbox 1011 1230 1132 1266; x_wconf 83' lang='lat' dir='ltr'>patrem</span> <span class='ocrx_word' id='word_1_119' title='bbox 1159 1235 1241 1258; x_wconf 89' lang='lat' dir='ltr'>nunc</span> <span class='ocrx_word' id='word_1_120' title='bbox 1267 1230 1299 1257; x_wconf 82' lang='lat' dir='ltr'>et</span> <span class='ocrx_word' id='word_1_121' title='bbox 1323 1226 1422 1258; x_wconf 88' lang='lat' dir='ltr'>filium</span> 
     </span>
     <span class='ocr_line' id='line_1_15' title="bbox 329 1274 1303 1305; baseline 0.001 -2"><span class='ocrx_word' id='word_1_122' title='bbox 329 1282 453 1304; x_wconf 80' lang='lat' dir='ltr'>carmen</span> <span class='ocrx_word' id='word_1_123' title='bbox 481 1282 628 1304; x_wconf 76' lang='lat' dir='ltr'>canamus</span> <span class='ocrx_word' id='word_1_124' title='bbox 1010 1278 1040 1304; x_wconf 83' lang='lat' dir='ltr'>et</span> <span class='ocrx_word' id='word_1_125' title='bbox 1066 1279 1209 1305; x_wconf 80' lang='lat' dir='ltr'>sanetum</span> <span class='ocrx_word' id='word_1_126' title='bbox 1237 1274 1303 1305; x_wconf 85' lang='lat' dir='ltr'>eius</span> 
     </span>
     <span class='ocr_line' id='line_1_16' title="bbox 332 1319 1381 1361; baseline 0.004 -11"><span class='ocrx_word' id='word_1_127' title='bbox 332 1320 459 1351; x_wconf 73' lang='lat' dir='ltr'>vocibus</span> <span class='ocrx_word' id='word_1_128' title='bbox 486 1319 654 1353; x_wconf 81' lang='lat' dir='ltr'>mellifluis.</span> <span class='ocrx_word' id='word_1_129' title='bbox 1010 1321 1198 1361; x_wconf 79' lang='lat' dir='ltr'>paraclitum</span> <span class='ocrx_word' id='word_1_130' title='bbox 1223 1321 1381 1361; x_wconf 84' lang='lat' dir='ltr'>spiritum.</span> 
     </span>
    </p>
   </div>
   <div class='ocr_carea' id='block_1_7' title="bbox 651 1421 1116 1600">
    <p class='ocr_par' dir='ltr' id='par_1_7' title="bbox 651 1421 1116 1600">
     <span class='ocr_line' id='line_1_17' title="bbox 651 1421 956 1463; baseline 0 -8"><span class='ocrx_word' id='word_1_131' title='bbox 651 1433 677 1456; x_wconf 87' lang='lat' dir='ltr'>c.</span> <span class='ocrx_word' id='word_1_132' title='bbox 706 1421 828 1457; x_wconf 86' lang='lat' dir='ltr'>Caritas</span> <span class='ocrx_word' id='word_1_133' title='bbox 855 1430 956 1463; x_wconf 86' lang='lat' dir='ltr'>pater,</span> 
     </span>
     <span class='ocr_line' id='line_1_18' title="bbox 709 1470 1116 1514; baseline 0.002 -11"><span class='ocrx_word' id='word_1_134' title='bbox 709 1472 854 1503; x_wconf 84' lang='lat' dir='ltr'>Christus</span> <span class='ocrx_word' id='word_1_135' title='bbox 880 1470 979 1511; x_wconf 83' lang='lat' dir='ltr'><strong>fulget</strong></span> <span class='ocrx_word' id='word_1_136' title='bbox 1003 1473 1116 1514; x_wconf 86' lang='lat' dir='ltr'>gratia,</span> 
     </span>
     <span class='ocr_line' id='line_1_19' title="bbox 709 1519 993 1558; baseline 0.007 -9"><span class='ocrx_word' id='word_1_137' title='bbox 709 1519 840 1558; x_wconf 84' lang='lat' dir='ltr'>spiritus</span> <span class='ocrx_word' id='word_1_138' title='bbox 866 1525 993 1551; x_wconf 84' lang='lat' dir='ltr'>sanctus</span> 
     </span>
     <span class='ocr_line' id='line_1_20' title="bbox 709 1567 1035 1600; baseline 0.009 -3"><span class='ocrx_word' id='word_1_139' title='bbox 709 1571 758 1597; x_wconf 81' lang='lat' dir='ltr'>est</span> <span class='ocrx_word' id='word_1_140' title='bbox 783 1567 1035 1600; x_wconf 79' lang='lat' dir='ltr'>communicatio.</span> 
     </span>
    </p>
   </div>
   <div class='ocr_carea' id='block_1_8' title="bbox 273 1672 1394 1932">
    <p class='ocr_par' dir='ltr' id='par_1_8' title="bbox 892 1672 924 1703">
     <span class='ocr_line' id='line_1_21' title="bbox 892 1672 924 1703; baseline 0.031 -1"><span class='ocrx_word' id='word_1_141' title='bbox 892 1672 924 1703; x_wconf 81' lang='lat'>2.</span> 
     </span>
    </p>

    <p class='ocr_par' dir='ltr' id='par_1_9' title="bbox 273 1743 1394 1932">
     <span class='ocr_line' id='line_1_22' title="bbox 273 1743 1270 1791; baseline 0.004 -15"><span class='ocrx_word' id='word_1_142' title='bbox 273 1754 300 1778; x_wconf 90' lang='lat' dir='ltr'>a.</span> <span class='ocrx_word' id='word_1_143' title='bbox 330 1743 430 1778; x_wconf 79' lang='lat' dir='ltr'>Deum</span> <span class='ocrx_word' id='word_1_144' title='bbox 457 1745 621 1777; x_wconf 84' lang='lat' dir='ltr'>laudemus</span> <span class='ocrx_word' id='word_1_145' title='bbox 949 1747 978 1781; x_wconf 89' lang='lat' dir='ltr'>b.</span> <span class='ocrx_word' id='word_1_146' title='bbox 1005 1745 1144 1781; x_wconf 80' lang='lat' dir='ltr'>Eternus</span> <span class='ocrx_word' id='word_1_147' title='bbox 1170 1752 1270 1791; x_wconf 84' lang='lat' dir='ltr'>pater,</span> 
     </span>
     <span class='ocr_line' id='line_1_23' title="bbox 327 1793 1334 1838; baseline 0.005 -15"><span class='ocrx_word' id='word_1_148' title='bbox 327 1794 443 1824; x_wconf 90' lang='lat' dir='ltr'>trinum</span> <span class='ocrx_word' id='word_1_149' title='bbox 470 1793 501 1824; x_wconf 90' lang='lat' dir='ltr'>in</span> <span class='ocrx_word' id='word_1_150' title='bbox 528 1793 700 1832; x_wconf 72' lang='lat' dir='ltr'>vocabulis,</span> <span class='ocrx_word' id='word_1_151' title='bbox 1008 1801 1040 1828; x_wconf 84' lang='lat' dir='ltr'>et</span> <span class='ocrx_word' id='word_1_152' title='bbox 1065 1800 1213 1828; x_wconf 83' lang='lat' dir='ltr'>aeternus</span> <span class='ocrx_word' id='word_1_153' title='bbox 1239 1796 1334 1838; x_wconf 83' lang='lat' dir='ltr'>filius,</span> 
     </span>
     <span class='ocr_line' id='line_1_24' title="bbox 330 1841 1296 1882; baseline 0.005 -11"><span class='ocrx_word' id='word_1_154' title='bbox 330 1849 392 1871; x_wconf 89' lang='lat' dir='ltr'>una</span> <span class='ocrx_word' id='word_1_155' title='bbox 417 1841 577 1881; x_wconf 81' lang='lat' dir='ltr'>maiestas,</span> <span class='ocrx_word' id='word_1_156' title='bbox 1009 1844 1141 1882; x_wconf 83' lang='lat' dir='ltr'>spiritus</span> <span class='ocrx_word' id='word_1_157' title='bbox 1167 1848 1296 1876; x_wconf 86' lang='lat' dir='ltr'>sanetus</span> 
     </span>
     <span class='ocr_line' id='line_1_25' title="bbox 328 1888 1394 1932; baseline 0.006 -14"><span class='ocrx_word' id='word_1_158' title='bbox 328 1888 412 1918; x_wconf 82' lang='lat' dir='ltr'>salus</span> <span class='ocrx_word' id='word_1_159' title='bbox 438 1888 614 1920; x_wconf 85' lang='lat' dir='ltr'>individua.</span> <span class='ocrx_word' id='word_1_160' title='bbox 1010 1891 1049 1922; x_wconf 83' lang='lat' dir='ltr'>ab</span> <span class='ocrx_word' id='word_1_161' title='bbox 1075 1895 1209 1932; x_wconf 86' lang='lat' dir='ltr'>utroque</span> <span class='ocrx_word' id='word_1_162' title='bbox 1233 1896 1394 1926; x_wconf 79' lang='lat' dir='ltr'>aeternus,</span> 
     </span>
    </p>
   </div>
   <div class='ocr_carea' id='block_1_9' title="bbox 651 1990 1094 2173">
    <p class='ocr_par' dir='ltr' id='par_1_10' title="bbox 651 1990 1094 2173">
     <span class='ocr_line' id='line_1_26' title="bbox 651 1990 1047 2035; baseline 0.005 -11"><span class='ocrx_word' id='word_1_163' title='bbox 651 2002 676 2025; x_wconf 91' lang='lat' dir='ltr'>c.</span> <span class='ocrx_word' id='word_1_164' title='bbox 704 1990 818 2032; x_wconf 79' lang='lat' dir='ltr'>Fulget</span> <span class='ocrx_word' id='word_1_165' title='bbox 842 1995 904 2026; x_wconf 84' lang='lat' dir='ltr'>iam</span> <span class='ocrx_word' id='word_1_166' title='bbox 929 1996 1047 2035; x_wconf 80' lang='lat' dir='ltr'>proles,</span> 
     </span>
     <span class='ocr_line' id='line_1_27' title="bbox 707 2039 1052 2074; baseline 0.012 -4"><span class='ocrx_word' id='word_1_167' title='bbox 707 2039 819 2072; x_wconf 81' lang='lat' dir='ltr'>flamen</span> <span class='ocrx_word' id='word_1_168' title='bbox 845 2043 1052 2074; x_wconf 80' lang='lat' dir='ltr'>aeternaliter</span> 
     </span>
     <span class='ocr_line' id='line_1_28' title="bbox 707 2090 943 2128; baseline 0.013 -11"><span class='ocrx_word' id='word_1_169' title='bbox 707 2096 775 2118; x_wconf 81' lang='lat' dir='ltr'>cum</span> <span class='ocrx_word' id='word_1_170' title='bbox 802 2090 943 2128; x_wconf 82' lang='lat' dir='ltr'>genitore</span> 
     </span>
     <span class='ocr_line' id='line_1_29' title="bbox 708 2137 1094 2173; baseline 0.013 -8"><span class='ocrx_word' id='word_1_171' title='bbox 708 2141 873 2173; x_wconf 86' lang='lat' dir='ltr'>permanet</span> <span class='ocrx_word' id='word_1_172' title='bbox 898 2137 930 2167; x_wconf 88' lang='lat' dir='ltr'>in</span> <span class='ocrx_word' id='word_1_173' title='bbox 956 2138 1094 2170; x_wconf 81' lang='lat' dir='ltr'>saecula.</span> 
     </span>
    </p>
   </div>
   <div class='ocr_carea' id='block_1_10' title="bbox 270 2241 1365 2453">
    <p class='ocr_par' dir='ltr' id='par_1_11' title="bbox 270 2241 1365 2453">
     <span class='ocr_line' id='line_1_30' title="bbox 891 2241 922 2273; baseline 0.032 -1"><span class='ocrx_word' id='word_1_174' title='bbox 891 2241 922 2273; x_wconf 88' lang='lat'>3.</span> 
     </span>
     <span class='ocr_line' id='line_1_31' title="bbox 270 2308 1297 2351; baseline 0.011 -11"><span class='ocrx_word' id='word_1_175' title='bbox 270 2319 298 2342; x_wconf 91' lang='lat' dir='ltr'>a.</span> <span class='ocrx_word' id='word_1_176' title='bbox 326 2308 436 2344; x_wconf 79' lang='lat' dir='ltr'>Gloria</span> <span class='ocrx_word' id='word_1_177' title='bbox 459 2319 585 2350; x_wconf 75' lang='lat' dir='ltr'>perpes,</span> <span class='ocrx_word' id='word_1_178' title='bbox 949 2315 980 2351; x_wconf 86' lang='lat' dir='ltr'>b.</span> <span class='ocrx_word' id='word_1_179' title='bbox 1007 2314 1116 2350; x_wconf 85' lang='lat' dir='ltr'>Honor</span> <span class='ocrx_word' id='word_1_180' title='bbox 1141 2321 1173 2349; x_wconf 85' lang='lat' dir='ltr'>et</span> <span class='ocrx_word' id='word_1_181' title='bbox 1195 2319 1297 2351; x_wconf 85' lang='lat' dir='ltr'>virtus</span> 
     </span>
     <span class='ocr_line' id='line_1_32' title="bbox 324 2358 1365 2406; baseline 0.01 -17"><span class='ocrx_word' id='word_1_182' title='bbox 324 2358 435 2396; x_wconf 78' lang='lat' dir='ltr'>honor,</span> <span class='ocrx_word' id='word_1_183' title='bbox 464 2358 599 2396; x_wconf 77' lang='lat' dir='ltr'>Christe,</span> <span class='ocrx_word' id='word_1_184' title='bbox 627 2359 685 2390; x_wconf 86' lang='lat' dir='ltr'>tibi</span> <span class='ocrx_word' id='word_1_185' title='bbox 711 2361 761 2403; x_wconf 84' lang='lat' dir='ltr'>sit,</span> <span class='ocrx_word' id='word_1_186' title='bbox 1007 2368 1039 2395; x_wconf 85' lang='lat' dir='ltr'>et</span> <span class='ocrx_word' id='word_1_187' title='bbox 1061 2367 1203 2403; x_wconf 79' lang='lat' dir='ltr'>potestas</span> <span class='ocrx_word' id='word_1_188' title='bbox 1228 2366 1287 2398; x_wconf 87' lang='lat' dir='ltr'>tibi</span> <span class='ocrx_word' id='word_1_189' title='bbox 1312 2369 1365 2406; x_wconf 83' lang='lat' dir='ltr'>sit,</span> 
     </span>
     <span class='ocr_line' id='line_1_33' title="bbox 327 2409 1286 2453; baseline 0.009 -17"><span class='ocrx_word' id='word_1_190' title='bbox 327 2414 445 2436; x_wconf 84' lang='lat' dir='ltr'>summa</span> <span class='ocrx_word' id='word_1_191' title='bbox 469 2409 621 2445; x_wconf 84' lang='lat' dir='ltr'>potestas,</span> <span class='ocrx_word' id='word_1_192' title='bbox 1006 2414 1100 2450; x_wconf 86' lang='lat' dir='ltr'>pater</span> <span class='ocrx_word' id='word_1_193' title='bbox 1123 2411 1286 2453; x_wconf 86' lang='lat' dir='ltr'>immense,</span> 
     </span>
    </p>
   </div>
   <div class='ocr_carea' id='block_1_11' title="bbox 321 2453 1410 2500">
    <p class='ocr_par' dir='ltr' id='par_1_12' title="bbox 321 2453 1410 2500">
     <span class='ocr_line' id='line_1_34' title="bbox 321 2453 1410 2500; baseline 0.01 -16"><span class='ocrx_word' id='word_1_194' title='bbox 321 2453 390 2484; x_wconf 84' lang='lat' dir='ltr'>laus</span> <span class='ocrx_word' id='word_1_195' title='bbox 417 2455 448 2483; x_wconf 90' lang='lat' dir='ltr'>et</span> <span class='ocrx_word' id='word_1_196' title='bbox 472 2453 628 2485; x_wconf 81' lang='lat' dir='ltr'>iubilatio.</span> <span class='ocrx_word' id='word_1_197' title='bbox 1007 2461 1149 2490; x_wconf 79' lang='lat' dir='ltr'>sanctum</span> <span class='ocrx_word' id='word_1_198' title='bbox 1176 2464 1207 2491; x_wconf 87' lang='lat' dir='ltr'>et</span> <span class='ocrx_word' id='word_1_199' title='bbox 1231 2461 1410 2500; x_wconf 81' lang='lat' dir='ltr'>imperium.</span> 
     </span>
    </p>
   </div>
  </div>
 </body>
</html>
