1650 2659
779 147 1038 183 —176—

662 254 687 277 c.
717 245 765 276 Tu
789 255 845 277 nos
871 245 911 277 ab
937 244 1082 277 omnibus
1107 245 1197 277 malis

713 301 838 332 semper
864 291 1011 324 defende.

898 379 930 410 2.

277 456 306 480 a.
333 446 391 486 Qui
417 446 565 477 mundum
591 454 712 476 omnem
957 443 989 477 b.
1015 445 1051 476 In
1079 453 1171 476 cruce
1196 443 1250 484 qui
1273 446 1415 485 pendens

333 499 386 524 tuo
412 493 542 524 salvasti
569 501 688 533 cruore,
1016 492 1180 524 redemisti
1206 501 1264 524 nos
1289 502 1410 535 omnes,

657 587 684 611 c.
710 578 755 609 Et
781 578 819 609 de
843 577 970 609 inferno

711 625 897 656 abstraxisti
922 629 1022 656 morte
1047 629 1198 659 retentos.

897 711 927 741 3.

278 786 306 809 a.
333 776 515 808 illustrator
541 778 691 813 cordium,
956 777 985 808 b.
1013 777 1215 809 Famulorum
1243 776 1338 808 corda

333 828 440 855 sancte
466 833 588 863 quoque
614 824 755 864 spiritus.
1012 828 1138 856 tuorum
1162 823 1306 864 purifica,

658 918 684 942 c.
712 909 827 940 Trinus
853 914 884 940 et
909 918 998 950 unus,

713 957 766 995 qui
792 965 904 996 regnas
929 956 961 987 in
987 957 1124 989 saecula.

337 1041 422 1075 Trop.
450 1049 500 1067 ms.
528 1042 689 1068 Romanum
719 1050 791 1067 saec.
816 1040 838 1056 ¹¹
854 1050 888 1068 12.
935 1041 1004 1067 Cod.
1026 1041 1159 1067 Vatican.
1185 1038 1268 1067 5319.
1291 1042 1323 1067 A.
1345 1055 1381 1059 -
1401 1041 1487 1076 Trop.
1508 1050 1559 1069 ms.

261 1080 419 1106 casinense
447 1087 521 1105 saec.
546 1077 585 1105 12.
609 1081 648 1105 in.
693 1079 762 1105 (jod.
785 1080 919 1106 Casinen.
942 1077 1005 1105 546.
1028 1080 1059 1105 B.
1081 1093 1117 1097 ·-
1141 1079 1226 1113 Trop.
1250 1087 1300 1105 ms.
1328 1080 1561 1107 Beneventanum

262 1126 337 1143 saec.
366 1116 408 1142 12.
460 1117 519 1143 eod
557 1118 651 1152 Capit.
681 1117 884 1143 Reum-emam.
910 1114 957 1142 25.
983 1118 1014 1145 C.
1042 1131 1079 1135 —
1108 1116 1196 1144 Grad.
1229 1125 1282 1143 πιε-
1308 1119 1408 1144 ineert.
1439 1116 1561 1152 originis

263 1156 331 1181 anni
356 1153 424 1180 1071
446 1154 530 1182 (nach
552 1156 703 1189 Georgius,
727 1155 769 1181 De
791 1156 902 1191 Liturg.
926 1155 1045 1181 Roman.
1067 1155 1174 1181 Pontis.
1198 1153 1398 1189 1731—17443
1420 1159 1488 1182 tom.
1507 1155 1562 1189 111,

262 1202 290 1227 p.
305 1191 360 1220 :319
381 1197 441 1226 δεμ.
466 1193 497 1218 D.
514 1208 550 1210 —
574 1193 621 1223 la,
648 1192 659 1218 l
683 1193 824 1225 telligeris
843 1194 875 1222 A,
897 1192 1023 1227 telligeri
1039 1194 1070 1219 C.
1092 1207 1126 1211 —
1151 1192 1201 1222 lb.
1224 1191 1237 1218 1
1253 1192 1358 1219 Omnia
1372 1194 1421 1226 qui
1436 1192 1563 1228 pulchris

260 1231 291 1256 Β.
315 1247 347 1249 -
368 1229 414 1258 lb.
437 1228 454 1256 2
468 1231 578 1256 foribus
594 1233 633 1261 A:
655 1239 726 1256 arva
740 1232 772 1257 B.
795 1232 864 1258 arba
880 1233 911 1258 C.
925 1245 961 1248 —
979 1230 1201 1266 Strophenfolge
1215 1231 1245 1257 in
1259 1231 1298 1256 A:
1320 1229 1372 1262 21),
1395 1230 1441 1262 20,
1462 1228 1512 1257 2a.
1526 1246 1562 1251 ——

261 1266 309 1297 2c.
335 1267 345 1294 1
371 1268 427 1300 Qui
449 1268 482 1294 de
505 1269 536 1294 B.
558 1283 593 1286 —
615 1268 662 1299 20,
684 1267 700 1294 2
721 1269 836 1295 detento
858 1271 891 1296 Α.
914 1268 1046 1295 detentos
1068 1269 1098 1295 C.
1120 1283 1157 1287 —
1177 1266 1226 1300 3³.
1248 1267 1266 1295 2
1287 1269 1410 1304 benigne
1429 1269 1562 1303 spriritus

261 1310 386 1341 (quoque
408 1306 490 1336 fehlt)
511 1308 540 1335 B,
564 1309 787 1342 sanctorumque
808 1309 928 1342 spiritus
950 1308 971 1334 C
995 1307 1029 1333 D.
1051 1321 1087 1324 —
1107 1305 1157 1339 910,
1179 1304 1197 1332 2
1217 1307 1266 1341 qui
1288 1307 1367 1337 fehlt,
1388 1315 1512 1342 regnans
1532 1308 1562 1333 in

259 1344 282 1369 B
305 1347 326 1371 c
347 1344 383 1371 D.
411 1358 446 1361 —
473 1344 598 1370 Melodie
626 1344 670 1370 fiir
698 1345 755 1371 alle
781 1344 797 1371 9
819 1344 963 1380 Strophen
991 1344 1037 1371 die
1057 1344 1178 1380 gleiche.
1203 1345 1273 1371 aber
1293 1346 1348 1371 mit
1368 1345 1486 1372 kleinen
1505 1345 1562 1372 Ab·

260 1381 449 1416 weichungen
470 1383 500 1408 in
521 1382 672 1409 einzelnen
694 1383 846 1417 Strophen.
861 1397 897 1401 -—
919 1383 978 1409 Das
1001 1383 1114 1417 Kyrie
1134 1382 1310 1415 (Christe)
1330 1383 1476 1410 eleison
1495 1382 1564 1418 geht

257 1419 340 1453 jeder
357 1420 480 1454 Strophe
502 1428 615 1446 vorans.

619 1549 673 1580 118.
706 1550 803 1588 Kyrie
824 1551 940 1588 „Adest
961 1549 1090 1581 reducta
1111 1549 1207 1581 dies‘·.

687 1610 754 1637 Die
783 1610 904 1638 Sancti
932 1611 1136 1638 Laurentii.

275 1769 304 1792 a.
330 1760 431 1792 Adest
459 1762 589 1792 reducta
614 1762 680 1793 dies
954 1762 984 1796 b.
1013 1763 1049 1794 ln
1076 1773 1137 1803 qua
1162 1763 1262 1795 levita
1287 1773 1437 1805 summus,

331 1812 468 1839 annuata
495 1807 585 1847 festa,
1010 1810 1201 1843 Laurentius
1228 1815 1359 1853 martyr,

329 1855 493 1894 praecelsa
1011 1859 1158 1899 exsultat,

330 1901 432 1936 valde,
460 1903 627 1937 uberrima.
1010 1905 1127 1945 gaudet
1151 1906 1350 1945 christicola3

657 1997 682 2020 e.
711 1989 828 2030 Tellus,
856 1991 961 2029 polus,
986 1991 1087 2023 maria

711 2036 845 2068 iubilant
872 2037 935 2068 diei

712 2085 895 2122 praecelsae

711 2130 863 2162 Laurenti
890 2133 1050 2172 martyris.

894 2219 926 2250 2.

279 2289 307 2310 a.
335 2278 528 2317 Agonitheta
553 2288 646 2318 sagus
955 2282 984 2315 b.
1011 2282 1154 2314 Romana
1179 2283 1256 2315 urbs
1283 2286 1361 2317 satis

332 2326 467 2358 certavit
490 2335 587 2366 opere
1012 2330 1138 2361 nomine
1164 2331 1204 2362 de
1229 2335 1284 2363 tuo

332 2382 451 2405 summo
1012 2377 1160 2408 exsultat.

333 2430 456 2462 quoque
481 2421 648 2460 sagaciter.
1012 2424 1138 2463 plaudit
1162 2423 1311 2460 feliciter,
