1650 2659
666 123 923 159 —337—

461 240 527 272 325.
567 242 698 274 Sanctus
720 244 829 279 „Salve
851 253 961 284 corpus
983 244 1128 276 Christi“.

586 301 636 328 De
662 302 823 338 Corpore
844 304 998 331 Christi.

150 372 180 405 1.
208 371 314 413 Salve,
340 382 456 415 corpus
482 377 602 409 Christi
629 387 747 418 carum,
835 383 866 414 2.
895 382 1000 421 Salve,
1026 382 1153 421 sanguis
1178 382 1360 419 salvatoris,

207 419 308 452 Nobis
332 421 459 453 miseris
893 428 940 460 Tu
966 437 1022 460 nos
1047 432 1178 468 protege

252 468 385 500 ostende
400 469 520 501 vultum
532 473 618 502 tuum
630 473 759 504 clarum.
940 476 970 506 in
998 476 1084 506 exitu
1110 477 1210 506 nostri
1239 475 1370 507 laboris.

420 555 451 587 3.
476 554 580 594 Salve,
608 556 690 593 Iesu,
718 565 774 588 rex
802 557 936 597 benigne

477 602 525 633 Tu
551 611 607 633 nos
631 602 732 635 libera

525 658 543 680 a
569 649 730 689 gehennae
755 652 897 692 perpetis
923 652 1003 692 igne.

212 728 348 755 cantion.
370 736 422 754 ins.
443 727 680 764 Engelbergense
701 731 770 756 anni
795 728 875 757 1372.
916 732 986 758 (jod.
1008 732 1218 768 Engelbergen.
1241 732 1305 759 314.
1322 749 1356 753 —
1382 732 1403 761 l.
1426 732 1443 755 3

132 770 215 794 tuum
238 766 320 793 fehlt.
340 780 376 785 —
397 766 458 792 Vox·
475 765 556 800 jeder
578 767 702 802 Strophe
726 768 763 801 „S
773 772 880 795 auctu
889 767 931 795 s“.

529 886 596 918 326.
636 888 767 918 Sanctus
791 888 909 925 „Vei-ho
931 888 1051 927 virgo&

575 947 624 973 De
651 948 816 981 Corpore
845 947 996 974 Christi.

142 1024 172 1056 1.
200 1023 307 1055 Verbo
335 1023 425 1063 virgo
451 1029 656 1065 praegnatur,
829 1026 861 1057 2.
887 1024 1054 1063 Sacerdos,
1081 1025 1140 1056 tibi
1169 1026 1271 1061 datur,

198 1071 303 1103 Verbo
329 1072 421 1111 panis
448 1075 666 1110 consecratur,
885 1072 976 1110 Quod
1001 1073 1121 1111 angelis
1150 1074 1335 1114 denegatur,

195 1119 239 1150 Et
264 1119 296 1150 in
323 1127 448 1150 carnem
476 1124 693 1150 conversatur.
886 1120 948 1151 Per
973 1124 1004 1150 te
1030 1119 1174 1152 Christus
1200 1121 1393 1152 incarnatur.

525 1206 557 1237 3.
580 1205 605 1237 Ο
632 1205 739 1244 regale
764 1204 988 1243 sacerdotium,

580 1252 669 1284 Istud
696 1251 836 1284 officium

580 1300 636 1332 Pie
662 1300 804 1339 guberna

579 1346 750 1378 Maiestate
776 1356 925 1386 superna.

198 1428 331 1454 cantion.
355 1435 407 1453 ms.
428 1426 667 1462 Engelbergense
689 1427 759 1454 anni
784 1424 864 1453 1372.
907 1427 976 1454 Cod.
999 1426 1211 1463 Engelbergen,
1234 1426 1299 1454 314.

435 1549 500 1579 3:27.
542 1549 673 1578 Sanctus
697 1549 777 1584 „Ave
799 1546 889 1588 panis
911 1547 1124 1587 angelorum&

572 1609 622 1635 De
651 1608 815 1642 Corpore
847 1607 1000 1634 Christi.

137 1687 166 1720 1.
193 1687 273 1725 Ave,
300 1685 392 1725 panis
418 1685 614 1726 angelorum,
819 1687 850 1717 2.
879 1687 957 1722 Ave,
986 1695 1100 1725 corpus
1126 1686 1332 1723 immolatum,

188 1733 292 1774 Salve,
318 1734 401 1772 Iesu,
428 1742 484 1764 rex
512 1734 680 1771 caelorum,
876 1732 954 1763 Esto
982 1732 1071 1764 nobis
1098 1739 1336 1773 praegustatum

233 1782 314 1817 Ave,
345 1781 420 1813 diva
444 1780 560 1819 hostia,
924 1780 1040 1812 Mortis
1067 1781 1098 1812 in
1125 1781 1279 1817 examine,

235 1829 415 1860 Humanata
443 1838 481 1860 ex
508 1828 623 1864 Maria,
923 1829 966 1861 Ut
995 1826 1065 1859 fulti
1091 1832 1144 1860 tuo
1170 1829 1327 1860 juvamine

235 1876 437 1910 Infernorum
464 1881 565 1908 morte
591 1884 648 1907 sua
923 1877 958 1906 In
986 1876 1142 1907 caelorum
1170 1877 1318 1908 eollacari

283 1925 399 1957 tollens
425 1929 496 1956 arta
522 1924 634 1964 spolia.
969 1931 1118 1963 queamus
1145 1924 1317 1958 cacumine.

392 2012 423 2044 3.
450 2011 530 2047 Ave„
558 2010 641 2040 calix
671 2009 734 2039 vini
762 2008 850 2048 meri,

452 2058 548 2097 Quem
578 2067 638 2088 non
667 2056 778 2087 bibunt
803 2056 963 2094 insinceri,

506 2104 670 2136 Bibendus
695 2103 747 2134 hic
772 2105 805 2134 in
831 2104 892 2141 via,

505 2152 706 2184 Christicolis
733 2155 900 2191 praestans
927 2152 1067 2190 praemia

507 2200 576 2231 Non
606 2199 789 2238 bibentique
814 2199 1024 2238 praecludens

563 2248 723 2278 caelorum
749 2246 879 2286 palatia.

184 2336 322 2364 Cantion.
344 2342 395 2361 ms.
418 2334 567 2369 Pragense
592 2340 667 2359 saec.
692 2330 734 2358 15.
757 2334 786 2357 et
809 2328 849 2358 16.
893 2331 961 2358 eod.
982 2332 1106 2368 Pragen.
1128 2333 1168 2360 VI
1190 2334 1212 2360 (J
1235 2331 1270 2359 20
1292 2342 1318 2359 a.
1339 2347 1376 2350 —
1397 2331 1424 2363 2,

108 2374 126 2403 2
146 2375 220 2403 Esto
249 2374 331 2401 mihi.
353 2388 389 2392 ——
418 2371 450 2403 2.
478 2371 497 2398 4
517 2371 607 2398 fultus
629 2372 676 2403 sit.
700 2384 729 2387 —
755 2367 788 2402 2,
816 2367 833 2395 6
855 2378 1024 2405 queanique.
1047 2387 1083 2391 —-
1106 2370 1139 2402 3.
1167 2371 1184 2397 5
1206 2371 1367 2398 recludens.
1387 2386 1423 2391 -—-

105 2416 164 2443 Str.
185 2410 204 2440 3
224 2412 322 2448 klingt
342 2409 562 2446 utraquistisch.
583 2423 620 2428 --
641 2405 844 2436 Uberschrift:
869 2409 991 2444 „Cautio
1013 2418 1099 2445 super
1120 2410 1273 2438 Sanctus“.

163 2462 294 2489 Blume.
316 2459 398 2491 Tropi
414 2459 577 2482 Graduales.
600 2459 621 2482 1.
1214 2456 1251 2485 22
