1650 2659
703 120 964 155 —391—

522 238 591 269 436.
630 240 738 279 Agnus
759 240 798 276 „0
817 238 939 271 Christe
959 238 1127 278 piissime“.

563 293 603 319 In
629 294 921 320 Resurrectione
949 291 1107 319 Domini.

177 367 208 398 1.
234 367 351 407 Aynus
368 367 434 399 Dei
457 386 505 390 —
523 371 659 410 peccata
678 369 803 408 mundi,
863 370 895 400 2.
921 368 1036 407 Aynus
1053 367 1118 398 Dei
1144 385 1187 390 -—
1210 373 1342 406 peccata
1362 369 1488 409 mundi,

242 414 267 446 Ο
293 414 419 446 Christe
443 415 598 453 piissime,
921 415 980 454 Qui
1006 423 1064 454 pro
1091 422 1200 446 nostra
1226 415 1340 451 salute,

234 459 337 492 factus
362 461 464 492 nostri
489 461 666 502 particeps,
921 461 1104 501 pependisti
1131 463 1162 493 in
1191 469 1297 501 cruce,

279 508 430 540 miserere
450 508 552 541 nobis.
969 509 1118 541 miserere
1143 508 1245 541 nobis.

405 573 437 606 3.
464 573 578 613 Agnus
606 573 680 612 Dei,
708 575 764 612 qui
790 574 875 606 tollis
896 578 1031 613 peccata
1058 575 1183 616 mundi,

459 621 528 652 Rex
555 629 676 661 regum,
704 622 853 660 gaudium
880 622 1074 662 angelorum,

460 668 514 699 iux
541 667 739 706 indeficiens,
767 678 830 708 pax
857 675 1013 708 perpetua

462 715 685 755 hominumque
711 716 889 756 redemptio
916 726 1001 757 vera,

509 763 596 794 dona
621 764 714 795 nobis
734 773 863 802 pacem.

247 837 336 872 Trop.
365 845 417 864 ms.
446 837 648 871 Casinense(‘?)
676 846 751 866 saec.
780 837 823 865 11.
853 847 897 865 ex.
938 839 1007 866 Cod.
1034 838 1167 866 Vatican.
1190 837 1292 866 Urbin.
1322 838 1364 866 52.
1388 839 1422 864 A.
1454 854 1488 857 —

174 876 260 910 Trop.
283 884 336 902 ms,
357 876 597 903 Beneventanum
619 885 694 903 saec.
719 874 762 903 12.
804 877 873 904 Cod.
897 876 990 912 Capit.
1015 878 1211 904 Beneventan.
1233 875 1277 903 25,
1300 879 1331 904 Β.
1356 891 1390 896 —
1415 877 1442 907 1,
1470 875 1487 904 3

172 914 389 949 consanguinee
420 917 543 941 naturae
571 914 732 946 humanae,
764 923 850 942 verus
878 915 957 941 Deus
986 919 1014 942 et
1041 914 1126 942 homo
1155 917 1186 942 B.
1219 930 1251 933 -
1278 914 1308 943 2.
1340 914 1357 942 3
1384 924 1487 948 passus

169 951 286 987 spanis!
310 951 375 986 Hs.)
401 952 432 978 in
459 960 545 979 cruce
572 952 747 980 sacrificium
775 953 908 980 obtulisti
931 954 962 979 B.
994 968 1029 971 —
1056 951 1073 979 3
1099 954 1171 980 fehlt
1198 953 1229 979 B.
1259 968 1291 971 —
1319 955 1352 980 In
1374 953 1397 979 B
1425 954 1488 980 also

169 989 279 1025 vollige
299 989 524 1026 Umarbeitung.

575 1083 642 1112 437.
682 1084 788 1121 Agnus
813 1083 908 1120 „Deus
931 1085 1087 1114 aeterne“.

523 1163 553 1194 1.
579 1162 695 1202 Aywus
720 1162 785 1192 Dei
811 1180 856 1184 —
877 1168 1013 1201 pec-caca
1038 1163 1164 1201 mundi,

579 1209 665 1240 Deus
691 1214 820 1241 aeterne

580 1266 636 1288 rex
665 1256 815 1297 Sabaoth,

577 1306 762 1344 redemptor
787 1305 895 1341 cosmi,

576 1353 725 1384 miserere
749 1353 850 1385 nobis.

170 1422 202 1453 2.
228 1419 344 1459 Aymcs
361 1419 426 1451 Dei
455 1439 495 1442 —
518 1420 651 1460 peccata
669 1419 796 1458 mundi,
859 1422 889 1453 3.
917 1420 1033 1460 Aymaes
1050 1420 1113 1451 Dei
1153 1439 1183 1442 —
1205 1424 1337 1459 peccam
1357 1423 1487 1459 mvndiv

229 1467 314 1498 Iuste
340 1473 370 1499 et
397 1468 449 1506 pie
917 1468 975 1500 Tu.
1002 1468 1054 1507 qui
1081 1468 1193 1499 iurasti

227 1520 322 1554 atque
350 1515 484 1555 benigne
917 1515 1062 1554 patribus
1088 1517 1206 1547 nostris

226 1563 366 1595 concede
391 1562 482 1594 nobis
917 1562 994 1593 dare
1020 1562 1110 1594 nobis

227 1611 349 1642 veniam
375 1620 512 1650 semper,
917 1610 1012 1641 vitam
1039 1619 1221 1649 perennem,

274 1659 422 1690 miserere
448 1659 550 1690 vob-is.
764 1696 774 1705 „
964 1658 1052 1689 <lona
1077 1658 1167 1690 nobis
1187 1667 1314 1698 pacem„

240 1734 327 1769 Trop.
355 1742 407 1761 mS.
435 1731 636 1765 Casinense‹?)
657 1740 732 1759 saeC.
758 1730 798 1758 11.
821 1741 865 1759 ex.
907 1732 976 1758 Cod.
1005 1733 1140 1759 Vatican.
1169 1733 1239 1761 Urb.
1264 1732 1309 1760 52.
1332 1751 1366 1755 —-
1388 1735 1484 1764 Eine

163 1772 290 1800 Melodie
314 1772 360 1799 fiir
380 1772 438 1799 alle
461 1770 615 1807 Strophen.

508 1900 576 1932 438.
617 1901 722 1940 Agnus
747 1900 819 1936 „Nos
834 1898 992 1940 redempti
1014 1900 1144 1941 preti0“.

541 1956 580 1982 In
606 1956 716 1982 Festo
743 1954 920 1990 Corporis
947 1955 1103 1982 Christi.

165 2038 195 2070 1.
222 2036 338 2076 Aqnus
357 2035 421 2068 Dei
447 2053 492 2057 —
510 2035 650 2076 peccata
670 2031 795 2074 mundi,
856 2034 888 2065 2.
915 2032 1030 2072 Aquas
1046 2033 1111 2064 Dei
1138 2052 1180 2056 —
1200 2038 1337 2075 peccata
1354 2037 1479 2080 mundi,

225 2083 291 2115 Nos
318 2083 478 2123 redempti
504 2081 608 2123 pretio
915 2080 960 2111 Te
985 2082 1123 2115 adorant
1149 2084 1268 2123 superi,

223 2131 385 2171 sanguinis
411 2131 459 2162 tui
914 2131 1052 2160 tremunt
1076 2128 1182 2169 inferi,

224 2179 362 2219 petimus
389 2176 537 2217 fidenter,
915 2181 1091 2208 creatorem
1116 2178 1237 2216 mundi,

270 2225 421 2257 miserere
444 2225 548 2257 nobis.
961 2224 1110 2256 miserere
1133 2226 1235 2258 nobis.

440 2293 471 2324 3.
498 2291 616 2332 Aynus
641 2289 707 2320 Dei
731 2306 779 2311 —
805 2289 893 2321 dona
917 2290 1008 2323 nobis
1027 2300 1156 2332 pacem.

240 2367 327 2396 Grad.
356 2374 410 2394 ms.
436 2366 573 2394 Italicum
600 2373 675 2392 saec.
706 2361 749 2391 15.
790 2363 859 2392 Cod.
879 2364 1014 2393 Vatican.
1041 2365 1125 2395 4768.
1153 2368 1189 2395 A.
1216 2382 1252 2386 —
1280 2368 1397 2396 Prosar.
1426 2379 1479 2398 ms.

163 2408 304 2438 Fax-sense
325 2405 396 2432 anni
419 2402 501 2432 1514.
543 2403 612 2430 Cod.
634 2404 756 2430 Roman.
778 2402 890 2430 Fal-fen.
912 2400 957 2431 33.
978 2405 1012 2432 B.
1031 2404 1097 2438 (Mit
1117 2406 1265 2440 Melodie.)
