<?xml version="1.0" encoding="UTF-8"?>
<!DOCTYPE html PUBLIC "-//W3C//DTD XHTML 1.0 Transitional//EN"
    "http://www.w3.org/TR/xhtml1/DTD/xhtml1-transitional.dtd">
<html xmlns="http://www.w3.org/1999/xhtml" xml:lang="en" lang="en">
 <head>
  <title>
</title>
<meta http-equiv="Content-Type" content="text/html;charset=utf-8" />
  <meta name='ocr-system' content='tesseract 3.04.00' />
  <meta name='ocr-capabilities' content='ocr_page ocr_carea ocr_par ocr_line ocrx_word'/>
</head>
<body>
  <div class='ocr_page' id='page_1' title='image "./analectahymnica47drevuoft_0323.png"; bbox 0 0 1650 2659; ppageno 0'>
   <div class='ocr_carea' id='block_1_1' title="bbox 767 175 1026 209">
    <p class='ocr_par' dir='ltr' id='par_1_1' title="bbox 767 175 1026 209">
     <span class='ocr_line' id='line_1_1' title="bbox 767 175 1026 209; baseline 0 0"><span class='ocrx_word' id='word_1_1' title='bbox 767 175 931 209; x_wconf 84' lang='lat'>——322</span> <span class='ocrx_word' id='word_1_2' title='bbox 982 193 1026 198; x_wconf 95' lang='lat'>—</span> 
     </span>
    </p>
   </div>
   <div class='ocr_carea' id='block_1_2' title="bbox 317 270 1479 498">
    <p class='ocr_par' dir='ltr' id='par_1_2' title="bbox 317 270 1479 498">
     <span class='ocr_line' id='line_1_2' title="bbox 317 270 1479 311; baseline 0.003 -11"><span class='ocrx_word' id='word_1_3' title='bbox 317 270 481 303; x_wconf 78' lang='lat' dir='ltr'><em>Dominus</em></span> <span class='ocrx_word' id='word_1_4' title='bbox 506 271 599 303; x_wconf 80' lang='lat' dir='ltr'>Deus</span> <span class='ocrx_word' id='word_1_5' title='bbox 623 270 766 302; x_wconf 72' lang='lat' dir='ltr'>Sabaoth</span> <span class='ocrx_word' id='word_1_6' title='bbox 789 287 836 292; x_wconf 97' lang='lat'><strong>—</strong></span> <span class='ocrx_word' id='word_1_7' title='bbox 859 270 965 311; x_wconf 74' lang='lat' dir='ltr'>yloria</span> <span class='ocrx_word' id='word_1_8' title='bbox 989 273 1066 308; x_wconf 71' lang='grc' dir='ltr'><strong><em>ἰαα;</em></strong></span> <span class='ocrx_word' id='word_1_9' title='bbox 1093 271 1256 303; x_wconf 77' lang='lat' dir='ltr'>Hosarma</span> <span class='ocrx_word' id='word_1_10' title='bbox 1279 270 1314 300; x_wconf 76' lang='lat' dir='ltr'>in</span> <span class='ocrx_word' id='word_1_11' title='bbox 1341 270 1479 303; x_wconf 73' lang='lat' dir='ltr'>excelsis.</span> 
     </span>
     <span class='ocr_line' id='line_1_3' title="bbox 645 311 1096 360; baseline -0.007 -10"><span class='ocrx_word' id='word_1_12' title='bbox 645 320 675 350; x_wconf 89' lang='lat'>4.</span> <span class='ocrx_word' id='word_1_13' title='bbox 703 317 729 349; x_wconf 92' lang='lat' dir='ltr'>O</span> <span class='ocrx_word' id='word_1_14' title='bbox 757 317 841 348; x_wconf 88' lang='lat' dir='ltr'>Deus</span> <span class='ocrx_word' id='word_1_15' title='bbox 866 321 969 358; x_wconf 86' lang='lat' dir='ltr'>pater,</span> <span class='ocrx_word' id='word_1_16' title='bbox 995 316 1012 348; x_wconf 82' lang='grc' dir='ltr'><strong>ὁ</strong></span> <span class='ocrx_word' id='word_1_17' title='bbox 1038 311 1096 360; x_wconf 66' lang='lat' dir='ltr'>dlv,</span> 
     </span>
     <span class='ocr_line' id='line_1_4' title="bbox 698 364 1091 404; baseline 0.008 -10"><span class='ocrx_word' id='word_1_18' title='bbox 698 364 792 395; x_wconf 84' lang='lat' dir='ltr'>Mitte</span> <span class='ocrx_word' id='word_1_19' title='bbox 817 374 922 396; x_wconf 86' lang='lat' dir='ltr'>rorem</span> <span class='ocrx_word' id='word_1_20' title='bbox 946 365 980 396; x_wconf 90' lang='lat' dir='ltr'>in</span> <span class='ocrx_word' id='word_1_21' title='bbox 1005 365 1091 404; x_wconf 90' lang='lat' dir='ltr'>Sion,</span> 
     </span>
     <span class='ocr_line' id='line_1_5' title="bbox 699 411 1178 450; baseline 0.004 -8"><span class='ocrx_word' id='word_1_22' title='bbox 699 412 758 450; x_wconf 86' lang='lat' dir='ltr'>Qui</span> <span class='ocrx_word' id='word_1_23' title='bbox 783 411 948 444; x_wconf 84' lang='lat' dir='ltr'>descendit</span> <span class='ocrx_word' id='word_1_24' title='bbox 972 412 1012 443; x_wconf 77' lang='lat' dir='ltr'>ab</span> <span class='ocrx_word' id='word_1_25' title='bbox 1037 413 1178 444; x_wconf 86' lang='lat' dir='ltr'>Hermon</span> 
     </span>
     <span class='ocr_line' id='line_1_6' title="bbox 700 459 1103 498; baseline 0.007 -9"><span class='ocrx_word' id='word_1_26' title='bbox 700 459 736 489; x_wconf 90' lang='lat' dir='ltr'>In</span> <span class='ocrx_word' id='word_1_27' title='bbox 763 459 918 498; x_wconf 86' lang='lat' dir='ltr'>piscinam</span> <span class='ocrx_word' id='word_1_28' title='bbox 944 459 1103 492; x_wconf 83' lang='lat' dir='ltr'>Hesebon.</span> 
     </span>
    </p>
   </div>
   <div class='ocr_carea' id='block_1_3' title="bbox 323 531 1554 570">
    <p class='ocr_par' dir='ltr' id='par_1_3' title="bbox 323 531 1554 570">
     <span class='ocr_line' id='line_1_7' title="bbox 323 531 1554 570; baseline -0.002 -10"><span class='ocrx_word' id='word_1_29' title='bbox 323 535 409 568; x_wconf 82' lang='lat' dir='ltr'>Trop.</span> <span class='ocrx_word' id='word_1_30' title='bbox 435 543 486 560; x_wconf 80' lang='lat' dir='ltr'>ms.</span> <span class='ocrx_word' id='word_1_31' title='bbox 508 534 654 569; x_wconf 68' lang='lat' dir='ltr'>Frage-use</span> <span class='ocrx_word' id='word_1_32' title='bbox 676 541 752 559; x_wconf 83' lang='lat' dir='ltr'>saec.</span> <span class='ocrx_word' id='word_1_33' title='bbox 775 531 818 560; x_wconf 87' lang='lat'>13.</span> <span class='ocrx_word' id='word_1_34' title='bbox 859 533 929 562; x_wconf 86' lang='lat' dir='ltr'>Cod.</span> <span class='ocrx_word' id='word_1_35' title='bbox 949 534 1046 569; x_wconf 81' lang='lat' dir='ltr'>Capit.</span> <span class='ocrx_word' id='word_1_36' title='bbox 1067 535 1188 570; x_wconf 81' lang='lat' dir='ltr'>Pragen.</span> <span class='ocrx_word' id='word_1_37' title='bbox 1210 534 1282 561; x_wconf 89' lang='lat' dir='ltr'>Cim.</span> <span class='ocrx_word' id='word_1_38' title='bbox 1303 532 1330 561; x_wconf 85' lang='lat'>4.</span> <span class='ocrx_word' id='word_1_39' title='bbox 1351 535 1387 561; x_wconf 79' lang='lat' dir='ltr'>A.</span> <span class='ocrx_word' id='word_1_40' title='bbox 1409 548 1447 553; x_wconf 96' lang='lat'>—</span> <span class='ocrx_word' id='word_1_41' title='bbox 1466 532 1554 561; x_wconf 82' lang='lat' dir='ltr'>Grad.</span> 
     </span>
    </p>
   </div>
   <div class='ocr_carea' id='block_1_4' title="bbox 245 568 1556 645">
    <p class='ocr_par' dir='ltr' id='par_1_4' title="bbox 245 568 1556 645">
     <span class='ocr_line' id='line_1_8' title="bbox 246 568 1556 607; baseline 0.001 -10"><span class='ocrx_word' id='word_1_42' title='bbox 246 580 298 597; x_wconf 85' lang='lat' dir='ltr'>ms.</span> <span class='ocrx_word' id='word_1_43' title='bbox 326 573 441 599; x_wconf 74' lang='lat' dir='ltr'>Arnesti</span> <span class='ocrx_word' id='word_1_44' title='bbox 469 572 626 607; x_wconf 84' lang='lat' dir='ltr'>Pragensis</span> <span class='ocrx_word' id='word_1_45' title='bbox 648 572 717 598; x_wconf 88' lang='lat' dir='ltr'>anni</span> <span class='ocrx_word' id='word_1_46' title='bbox 749 570 828 598; x_wconf 89' lang='lat'>1360.</span> <span class='ocrx_word' id='word_1_47' title='bbox 870 571 939 600; x_wconf 91' lang='lat' dir='ltr'>Cod.</span> <span class='ocrx_word' id='word_1_48' title='bbox 961 571 1055 607; x_wconf 86' lang='lat' dir='ltr'>Capit.</span> <span class='ocrx_word' id='word_1_49' title='bbox 1076 572 1199 607; x_wconf 76' lang='lat' dir='ltr'>Pragen.</span> <span class='ocrx_word' id='word_1_50' title='bbox 1227 572 1250 598; x_wconf 93' lang='lat' dir='ltr'>P</span> <span class='ocrx_word' id='word_1_51' title='bbox 1271 570 1296 598; x_wconf 89' lang='lat'>9.</span> <span class='ocrx_word' id='word_1_52' title='bbox 1318 573 1351 599; x_wconf 93' lang='lat' dir='ltr'>B.</span> <span class='ocrx_word' id='word_1_53' title='bbox 1372 587 1409 590; x_wconf 97' lang='lat'><strong>—</strong></span> <span class='ocrx_word' id='word_1_54' title='bbox 1429 569 1462 604; x_wconf 84' lang='grc'>2,</span> <span class='ocrx_word' id='word_1_55' title='bbox 1488 568 1507 598; x_wconf 83' lang='grc'><strong>2</strong></span> <span class='ocrx_word' id='word_1_56' title='bbox 1527 574 1556 598; x_wconf 84' lang='lat' dir='ltr'>et</span> 
     </span>
     <span class='ocr_line' id='line_1_9' title="bbox 245 608 926 645; baseline 0.001 -10"><span class='ocrx_word' id='word_1_57' title='bbox 245 611 355 644; x_wconf 78' lang='lat' dir='ltr'>Omega</span> <span class='ocrx_word' id='word_1_58' title='bbox 376 609 447 636; x_wconf 84' lang='lat' dir='ltr'>fehlt</span> <span class='ocrx_word' id='word_1_59' title='bbox 467 611 491 636; x_wconf 88' lang='lat' dir='ltr'>A</span> <span class='ocrx_word' id='word_1_60' title='bbox 515 611 545 636; x_wconf 86' lang='lat' dir='ltr'>B.</span> <span class='ocrx_word' id='word_1_61' title='bbox 567 624 603 627; x_wconf 97' lang='lat'><strong>—</strong></span> <span class='ocrx_word' id='word_1_62' title='bbox 623 609 651 641; x_wconf 81' lang='lat'>4,</span> <span class='ocrx_word' id='word_1_63' title='bbox 678 608 690 635; x_wconf 94' lang='grc'>1</span> <span class='ocrx_word' id='word_1_64' title='bbox 713 613 794 645; x_wconf 86' lang='lat' dir='ltr'>pater</span> <span class='ocrx_word' id='word_1_65' title='bbox 814 609 873 636; x_wconf 89' lang='lat' dir='ltr'>hon</span> <span class='ocrx_word' id='word_1_66' title='bbox 893 610 926 636; x_wconf 89' lang='lat' dir='ltr'>A.</span> 
     </span>
    </p>
   </div>
   <div class='ocr_carea' id='block_1_5' title="bbox 546 737 1256 779">
    <p class='ocr_par' dir='ltr' id='par_1_5' title="bbox 546 737 1256 779">
     <span class='ocr_line' id='line_1_10' title="bbox 546 737 1256 779; baseline -0.001 -10"><span class='ocrx_word' id='word_1_67' title='bbox 546 740 612 770; x_wconf 83' lang='lat'>298.</span> <span class='ocrx_word' id='word_1_68' title='bbox 644 741 773 770; x_wconf 80' lang='lat' dir='ltr'>sanctus</span> <span class='ocrx_word' id='word_1_69' title='bbox 797 737 894 776; x_wconf 84' lang='lat' dir='ltr'>„Deus</span> <span class='ocrx_word' id='word_1_70' title='bbox 915 748 1021 770; x_wconf 81' lang='lat' dir='ltr'>rerum</span> <span class='ocrx_word' id='word_1_71' title='bbox 1042 738 1256 779; x_wconf 76' lang='lat' dir='ltr'>principium“.</span> 
     </span>
    </p>
   </div>
   <div class='ocr_carea' id='block_1_6' title="bbox 257 819 1430 955">
    <p class='ocr_par' dir='ltr' id='par_1_6' title="bbox 257 819 1430 955">
     <span class='ocr_line' id='line_1_11' title="bbox 257 819 1134 851; baseline -0.001 0"><span class='ocrx_word' id='word_1_72' title='bbox 257 822 286 851; x_wconf 80' lang='lat'>1.</span> <span class='ocrx_word' id='word_1_73' title='bbox 312 819 450 851; x_wconf 78' lang='lat' dir='ltr'>Sanctus</span> <span class='ocrx_word' id='word_1_74' title='bbox 937 821 968 851; x_wconf 88' lang='lat'>2.</span> <span class='ocrx_word' id='word_1_75' title='bbox 994 819 1134 850; x_wconf 79' lang='lat' dir='ltr'>Sanctus</span> 
     </span>
     <span class='ocr_line' id='line_1_12' title="bbox 315 866 1427 906; baseline 0 -9"><span class='ocrx_word' id='word_1_76' title='bbox 315 866 411 903; x_wconf 84' lang='lat' dir='ltr'>Deus,</span> <span class='ocrx_word' id='word_1_77' title='bbox 438 875 543 898; x_wconf 90' lang='lat' dir='ltr'>rerum</span> <span class='ocrx_word' id='word_1_78' title='bbox 570 867 759 906; x_wconf 88' lang='lat' dir='ltr'>principium</span> <span class='ocrx_word' id='word_1_79' title='bbox 995 866 1090 902; x_wconf 81' lang='lat' dir='ltr'>Deus,</span> <span class='ocrx_word' id='word_1_80' title='bbox 1117 866 1149 896; x_wconf 91' lang='lat' dir='ltr'>in</span> <span class='ocrx_word' id='word_1_81' title='bbox 1175 869 1206 896; x_wconf 90' lang='lat' dir='ltr'>te</span> <span class='ocrx_word' id='word_1_82' title='bbox 1232 867 1427 905; x_wconf 82' lang='lat' dir='ltr'>sperantium</span> 
     </span>
     <span class='ocr_line' id='line_1_13' title="bbox 316 911 1430 955; baseline 0.001 -11"><span class='ocrx_word' id='word_1_83' title='bbox 316 913 444 945; x_wconf 79' lang='lat' dir='ltr'>Nuilum</span> <span class='ocrx_word' id='word_1_84' title='bbox 470 914 588 946; x_wconf 83' lang='lat' dir='ltr'>habens</span> <span class='ocrx_word' id='word_1_85' title='bbox 615 914 756 951; x_wconf 73' lang='lat' dir='ltr'>initium3</span> <span class='ocrx_word' id='word_1_86' title='bbox 995 911 1107 944; x_wconf 85' lang='lat' dir='ltr'><strong>Virtus</strong></span> <span class='ocrx_word' id='word_1_87' title='bbox 1132 917 1226 952; x_wconf 88' lang='lat' dir='ltr'>atque</span> <span class='ocrx_word' id='word_1_88' title='bbox 1252 911 1430 955; x_wconf 80' lang='lat' dir='ltr'>refugium3</span> 
     </span>
    </p>
   </div>
   <div class='ocr_carea' id='block_1_7' title="bbox 642 980 1112 1114">
    <p class='ocr_par' dir='ltr' id='par_1_7' title="bbox 642 980 1112 1114">
     <span class='ocr_line' id='line_1_14' title="bbox 642 980 838 1012; baseline -0.005 0"><span class='ocrx_word' id='word_1_89' title='bbox 642 981 672 1012; x_wconf 89' lang='lat'>3.</span> <span class='ocrx_word' id='word_1_90' title='bbox 701 980 838 1011; x_wconf 77' lang='lat' dir='ltr'>Sanctus</span> 
     </span>
     <span class='ocr_line' id='line_1_15' title="bbox 699 1027 1052 1065; baseline -0.003 -7"><span class='ocrx_word' id='word_1_91' title='bbox 699 1027 795 1065; x_wconf 86' lang='lat' dir='ltr'>Deus,</span> <span class='ocrx_word' id='word_1_92' title='bbox 821 1035 897 1059; x_wconf 82' lang='lat' dir='ltr'>vera</span> <span class='ocrx_word' id='word_1_93' title='bbox 923 1027 1052 1059; x_wconf 89' lang='lat' dir='ltr'>dilectio</span> 
     </span>
     <span class='ocr_line' id='line_1_16' title="bbox 699 1075 1112 1114; baseline 0 -9"><span class='ocrx_word' id='word_1_94' title='bbox 699 1075 892 1105; x_wconf 82' lang='lat' dir='ltr'>Maestorum</span> <span class='ocrx_word' id='word_1_95' title='bbox 920 1075 1112 1114; x_wconf 76' lang='lat' dir='ltr'>consolati03</span> 
     </span>
    </p>
   </div>
   <div class='ocr_carea' id='block_1_8' title="bbox 509 1140 1284 1321">
    <p class='ocr_par' dir='ltr' id='par_1_8' title="bbox 509 1140 1284 1228">
     <span class='ocr_line' id='line_1_17' title="bbox 566 1140 1284 1178; baseline -0.001 -7"><span class='ocrx_word' id='word_1_96' title='bbox 566 1141 730 1172; x_wconf 69' lang='lat' dir='ltr'>Dominus</span> <span class='ocrx_word' id='word_1_97' title='bbox 755 1140 844 1171; x_wconf 79' lang='lat' dir='ltr'>Deus</span> <span class='ocrx_word' id='word_1_98' title='bbox 870 1140 1010 1172; x_wconf 79' lang='lat' dir='ltr'><strong><em>Sabaoth</em></strong></span> <span class='ocrx_word' id='word_1_99' title='bbox 1042 1157 1084 1162; x_wconf 84' lang='lat'><strong>—</strong></span> <span class='ocrx_word' id='word_1_100' title='bbox 1109 1140 1284 1178; x_wconf 81' lang='lat' dir='ltr'>Hoscmmz,</span> 
     </span>
     <span class='ocr_line' id='line_1_18' title="bbox 509 1187 1083 1228; baseline -0.003 -8"><span class='ocrx_word' id='word_1_101' title='bbox 509 1191 539 1220; x_wconf 82' lang='lat'>4.</span> <span class='ocrx_word' id='word_1_102' title='bbox 569 1188 663 1228; x_wconf 76' lang='lat' dir='ltr'>Deus,</span> <span class='ocrx_word' id='word_1_103' title='bbox 692 1187 846 1218; x_wconf 89' lang='lat' dir='ltr'>fortitudo</span> <span class='ocrx_word' id='word_1_104' title='bbox 872 1187 1083 1219; x_wconf 83' lang='lat' dir='ltr'>laborantium</span> 
     </span>
    </p>

    <p class='ocr_par' dir='ltr' id='par_1_9' title="bbox 564 1235 1191 1273">
     <span class='ocr_line' id='line_1_19' title="bbox 564 1235 1191 1273; baseline -0.002 -7"><span class='ocrx_word' id='word_1_105' title='bbox 564 1235 692 1267; x_wconf 85' lang='lat' dir='ltr'><strong>Exaudi</strong></span> <span class='ocrx_word' id='word_1_106' title='bbox 717 1243 828 1273; x_wconf 81' lang='lat' dir='ltr'>preces</span> <span class='ocrx_word' id='word_1_107' title='bbox 854 1235 894 1266; x_wconf 85' lang='lat' dir='ltr'>ad</span> <span class='ocrx_word' id='word_1_108' title='bbox 921 1240 952 1265; x_wconf 88' lang='lat' dir='ltr'>te</span> <span class='ocrx_word' id='word_1_109' title='bbox 979 1235 1191 1272; x_wconf 61' lang='lat' dir='ltr'>clamantium</span> 
     </span>
    </p>

    <p class='ocr_par' dir='ltr' id='par_1_10' title="bbox 564 1281 1189 1321">
     <span class='ocr_line' id='line_1_20' title="bbox 564 1281 1189 1321; baseline 0 -9"><span class='ocrx_word' id='word_1_110' title='bbox 564 1282 607 1313; x_wconf 68' lang='lat' dir='ltr'>In</span> <span class='ocrx_word' id='word_1_111' title='bbox 634 1281 779 1318; x_wconf 70' lang='lat' dir='ltr'>excelsi85</span> <span class='ocrx_word' id='word_1_112' title='bbox 804 1281 999 1314; x_wconf 73' lang='lat' dir='ltr'>Benedictus</span> <span class='ocrx_word' id='word_1_113' title='bbox 1024 1282 1079 1321; x_wconf 79' lang='lat' dir='ltr'>qui</span> <span class='ocrx_word' id='word_1_114' title='bbox 1105 1282 1189 1313; x_wconf 73' lang='lat' dir='ltr'>venit</span> 
     </span>
    </p>
   </div>
   <div class='ocr_carea' id='block_1_9' title="bbox 643 1346 1169 1570">
    <p class='ocr_par' dir='ltr' id='par_1_11' title="bbox 643 1346 1169 1570">
     <span class='ocr_line' id='line_1_21' title="bbox 643 1346 913 1385; baseline -0.007 -5"><span class='ocrx_word' id='word_1_115' title='bbox 643 1351 672 1381; x_wconf 88' lang='lat'>5.</span> <span class='ocrx_word' id='word_1_116' title='bbox 700 1348 786 1379; x_wconf 85' lang='lat' dir='ltr'>Deus</span> <span class='ocrx_word' id='word_1_117' title='bbox 812 1346 913 1385; x_wconf 85' lang='lat' dir='ltr'>fortis,</span> 
     </span>
     <span class='ocr_line' id='line_1_22' title="bbox 696 1394 1169 1426; baseline 0 0"><span class='ocrx_word' id='word_1_118' title='bbox 696 1394 882 1426; x_wconf 82' lang='lat' dir='ltr'>Emundans</span> <span class='ocrx_word' id='word_1_119' title='bbox 908 1396 1039 1426; x_wconf 86' lang='lat' dir='ltr'>crimina</span> <span class='ocrx_word' id='word_1_120' title='bbox 1065 1395 1169 1426; x_wconf 87' lang='lat' dir='ltr'>sordis</span> 
     </span>
     <span class='ocr_line' id='line_1_23' title="bbox 697 1442 1057 1474; baseline -0.003 -1"><span class='ocrx_word' id='word_1_121' title='bbox 697 1442 739 1473; x_wconf 83' lang='lat' dir='ltr'>In</span> <span class='ocrx_word' id='word_1_122' title='bbox 765 1442 895 1474; x_wconf 70' lang='lat' dir='ltr'>nomine</span> <span class='ocrx_word' id='word_1_123' title='bbox 918 1442 1057 1474; x_wconf 75' lang='lat' dir='ltr'>Domini</span> 
     </span>
     <span class='ocr_line' id='line_1_24' title="bbox 698 1489 949 1522; baseline 0.008 -3"><span class='ocrx_word' id='word_1_124' title='bbox 698 1489 807 1520; x_wconf 79' lang='lat' dir='ltr'>Nostri</span> <span class='ocrx_word' id='word_1_125' title='bbox 834 1490 949 1522; x_wconf 84' lang='lat' dir='ltr'>cordis.</span> 
     </span>
     <span class='ocr_line' id='line_1_25' title="bbox 697 1537 1084 1570; baseline 0.003 -2"><span class='ocrx_word' id='word_1_126' title='bbox 697 1537 859 1568; x_wconf 70' lang='lat' dir='ltr'>Hosanna</span> <span class='ocrx_word' id='word_1_127' title='bbox 886 1538 921 1568; x_wconf 74' lang='lat' dir='ltr'>in</span> <span class='ocrx_word' id='word_1_128' title='bbox 948 1537 1084 1570; x_wconf 64' lang='lat' dir='ltr'>excelsis.</span> 
     </span>
    </p>
   </div>
   <div class='ocr_carea' id='block_1_10' title="bbox 246 1610 1552 1720">
    <p class='ocr_par' dir='ltr' id='par_1_12' title="bbox 246 1610 1552 1720">
     <span class='ocr_line' id='line_1_26' title="bbox 324 1610 1551 1647; baseline 0.002 -12"><span class='ocrx_word' id='word_1_129' title='bbox 324 1610 411 1644; x_wconf 74' lang='lat' dir='ltr'>Trop.</span> <span class='ocrx_word' id='word_1_130' title='bbox 437 1620 489 1638; x_wconf 88' lang='lat' dir='ltr'>ms.</span> <span class='ocrx_word' id='word_1_131' title='bbox 511 1611 658 1646; x_wconf 77' lang='lat' dir='ltr'>Pragense</span> <span class='ocrx_word' id='word_1_132' title='bbox 679 1619 753 1638; x_wconf 77' lang='lat' dir='ltr'>saec.</span> <span class='ocrx_word' id='word_1_133' title='bbox 776 1610 817 1637; x_wconf 80' lang='lat'>13.</span> <span class='ocrx_word' id='word_1_134' title='bbox 858 1611 927 1639; x_wconf 73' lang='lat' dir='ltr'>eod.</span> <span class='ocrx_word' id='word_1_135' title='bbox 950 1612 1044 1646; x_wconf 84' lang='lat' dir='ltr'>Capit.</span> <span class='ocrx_word' id='word_1_136' title='bbox 1066 1612 1189 1646; x_wconf 83' lang='lat' dir='ltr'>Pragen.</span> <span class='ocrx_word' id='word_1_137' title='bbox 1211 1610 1283 1637; x_wconf 84' lang='lat' dir='ltr'>Cim.</span> <span class='ocrx_word' id='word_1_138' title='bbox 1304 1611 1330 1639; x_wconf 88' lang='lat'>4.</span> <span class='ocrx_word' id='word_1_139' title='bbox 1353 1613 1386 1639; x_wconf 83' lang='lat' dir='ltr'>A.</span> <span class='ocrx_word' id='word_1_140' title='bbox 1409 1626 1445 1630; x_wconf 87' lang='lat'>—-</span> <span class='ocrx_word' id='word_1_141' title='bbox 1464 1612 1551 1647; x_wconf 86' lang='lat' dir='ltr'>Trop.</span> 
     </span>
     <span class='ocr_line' id='line_1_27' title="bbox 247 1647 1552 1685; baseline 0.002 -12"><span class='ocrx_word' id='word_1_142' title='bbox 247 1657 297 1673; x_wconf 67' lang='lat' dir='ltr'>ms.</span> <span class='ocrx_word' id='word_1_143' title='bbox 327 1648 442 1675; x_wconf 83' lang='lat' dir='ltr'>Amesti</span> <span class='ocrx_word' id='word_1_144' title='bbox 470 1650 626 1684; x_wconf 78' lang='lat' dir='ltr'>Prageusis</span> <span class='ocrx_word' id='word_1_145' title='bbox 654 1650 722 1675; x_wconf 84' lang='lat' dir='ltr'>anui</span> <span class='ocrx_word' id='word_1_146' title='bbox 752 1647 831 1676; x_wconf 85' lang='lat'>1360.</span> <span class='ocrx_word' id='word_1_147' title='bbox 873 1650 942 1677; x_wconf 86' lang='lat' dir='ltr'>Cod.</span> <span class='ocrx_word' id='word_1_148' title='bbox 970 1650 1064 1685; x_wconf 86' lang='lat' dir='ltr'>Capit.</span> <span class='ocrx_word' id='word_1_149' title='bbox 1090 1649 1213 1684; x_wconf 84' lang='lat' dir='ltr'>Pragen.</span> <span class='ocrx_word' id='word_1_150' title='bbox 1241 1649 1263 1675; x_wconf 94' lang='lat' dir='ltr'>P</span> <span class='ocrx_word' id='word_1_151' title='bbox 1291 1647 1317 1676; x_wconf 89' lang='lat'>9.</span> <span class='ocrx_word' id='word_1_152' title='bbox 1346 1651 1378 1678; x_wconf 92' lang='lat' dir='ltr'>B.</span> <span class='ocrx_word' id='word_1_153' title='bbox 1400 1664 1435 1669; x_wconf 89' lang='lat'>—</span> <span class='ocrx_word' id='word_1_154' title='bbox 1458 1649 1514 1676; x_wconf 81' lang='lat' dir='ltr'>Str.</span> <span class='ocrx_word' id='word_1_155' title='bbox 1535 1648 1552 1676; x_wconf 87' lang='lat'>4</span> 
     </span>
     <span class='ocr_line' id='line_1_28' title="bbox 246 1685 827 1720; baseline 0.005 -10"><span class='ocrx_word' id='word_1_156' title='bbox 246 1696 307 1720; x_wconf 55' lang='lat' dir='ltr'>sqq.</span> <span class='ocrx_word' id='word_1_157' title='bbox 331 1685 425 1712; x_wconf 78' lang='lat' dir='ltr'>fehlen</span> <span class='ocrx_word' id='word_1_158' title='bbox 448 1688 477 1713; x_wconf 86' lang='lat' dir='ltr'>B.</span> <span class='ocrx_word' id='word_1_159' title='bbox 500 1702 535 1705; x_wconf 92' lang='lat'>——</span> <span class='ocrx_word' id='word_1_160' title='bbox 554 1686 579 1718; x_wconf 65' lang='lat'>5,</span> <span class='ocrx_word' id='word_1_161' title='bbox 602 1685 619 1713; x_wconf 85' lang='grc'><strong>2</strong></span> <span class='ocrx_word' id='word_1_162' title='bbox 640 1687 773 1713; x_wconf 86' lang='lat' dir='ltr'>Emunda</span> <span class='ocrx_word' id='word_1_163' title='bbox 794 1687 827 1713; x_wconf 81' lang='lat' dir='ltr'>A.</span> 
     </span>
    </p>
   </div>
   <div class='ocr_carea' id='block_1_11' title="bbox 547 1816 1246 1856">
    <p class='ocr_par' dir='ltr' id='par_1_13' title="bbox 547 1816 1246 1856">
     <span class='ocr_line' id='line_1_29' title="bbox 547 1816 1246 1856; baseline -0.001 -9"><span class='ocrx_word' id='word_1_164' title='bbox 547 1817 616 1847; x_wconf 84' lang='grc'><strong>299.</strong></span> <span class='ocrx_word' id='word_1_165' title='bbox 656 1817 785 1847; x_wconf 78' lang='lat' dir='ltr'>Sanctus</span> <span class='ocrx_word' id='word_1_166' title='bbox 809 1817 944 1853; x_wconf 85' lang='lat' dir='ltr'>„Summe</span> <span class='ocrx_word' id='word_1_167' title='bbox 966 1819 1058 1856; x_wconf 76' lang='lat' dir='ltr'>pater</span> <span class='ocrx_word' id='word_1_168' title='bbox 1078 1816 1246 1856; x_wconf 76' lang='lat' dir='ltr'>ingenite“.</span> 
     </span>
    </p>
   </div>
   <div class='ocr_carea' id='block_1_12' title="bbox 258 1904 1400 2042">
    <p class='ocr_par' dir='ltr' id='par_1_14' title="bbox 258 1904 1400 2042">
     <span class='ocr_line' id='line_1_30' title="bbox 258 1904 1145 1947; baseline 0.006 -12"><span class='ocrx_word' id='word_1_169' title='bbox 258 1905 287 1936; x_wconf 91' lang='lat'>1.</span> <span class='ocrx_word' id='word_1_170' title='bbox 315 1904 461 1947; x_wconf 77' lang='lat' dir='ltr'>Sanctus,</span> <span class='ocrx_word' id='word_1_171' title='bbox 937 1909 968 1941; x_wconf 87' lang='lat'>2.</span> <span class='ocrx_word' id='word_1_172' title='bbox 996 1907 1145 1947; x_wconf 74' lang='lat' dir='ltr'>Sanctus,</span> 
     </span>
     <span class='ocr_line' id='line_1_31' title="bbox 316 1951 1297 1995; baseline 0.003 -12"><span class='ocrx_word' id='word_1_173' title='bbox 316 1951 440 1984; x_wconf 88' lang='lat' dir='ltr'>Summe</span> <span class='ocrx_word' id='word_1_174' title='bbox 466 1957 558 1992; x_wconf 88' lang='lat' dir='ltr'>pater</span> <span class='ocrx_word' id='word_1_175' title='bbox 582 1954 730 1995; x_wconf 85' lang='lat' dir='ltr'>ingenite,</span> <span class='ocrx_word' id='word_1_176' title='bbox 997 1956 1101 1988; x_wconf 87' lang='lat' dir='ltr'>Patris</span> <span class='ocrx_word' id='word_1_177' title='bbox 1126 1955 1297 1995; x_wconf 86' lang='lat' dir='ltr'>unigenite,</span> 
     </span>
     <span class='ocr_line' id='line_1_32' title="bbox 364 2000 1400 2042; baseline 0.004 -11"><span class='ocrx_word' id='word_1_178' title='bbox 364 2000 459 2031; x_wconf 88' lang='lat' dir='ltr'>Cuius</span> <span class='ocrx_word' id='word_1_179' title='bbox 486 2001 633 2032; x_wconf 86' lang='lat' dir='ltr'>maiestas</span> <span class='ocrx_word' id='word_1_180' title='bbox 1044 2003 1140 2034; x_wconf 89' lang='lat' dir='ltr'>Cuius</span> <span class='ocrx_word' id='word_1_181' title='bbox 1165 2003 1207 2034; x_wconf 88' lang='lat' dir='ltr'>ad</span> <span class='ocrx_word' id='word_1_182' title='bbox 1232 2003 1400 2042; x_wconf 86' lang='lat' dir='ltr'>imperium</span> 
     </span>
    </p>
   </div>
   <div class='ocr_carea' id='block_1_13' title="bbox 363 2047 1539 2091">
    <p class='ocr_par' dir='ltr' id='par_1_15' title="bbox 363 2047 1539 2091">
     <span class='ocr_line' id='line_1_33' title="bbox 363 2047 1539 2091; baseline 0.004 -14"><span class='ocrx_word' id='word_1_183' title='bbox 363 2047 467 2086; x_wconf 87' lang='lat' dir='ltr'>Atque</span> <span class='ocrx_word' id='word_1_184' title='bbox 493 2051 633 2086; x_wconf 86' lang='lat' dir='ltr'>potestas</span> <span class='ocrx_word' id='word_1_185' title='bbox 1043 2050 1159 2081; x_wconf 85' lang='lat' dir='ltr'>Tulisti</span> <span class='ocrx_word' id='word_1_186' title='bbox 1185 2050 1288 2081; x_wconf 84' lang='lat' dir='ltr'>crucis</span> <span class='ocrx_word' id='word_1_187' title='bbox 1309 2051 1539 2091; x_wconf 88' lang='lat' dir='ltr'>improperium</span> 
     </span>
    </p>
   </div>
   <div class='ocr_carea' id='block_1_14' title="bbox 318 2093 1428 2177">
    <p class='ocr_par' dir='ltr' id='par_1_16' title="bbox 318 2093 1428 2177">
     <span class='ocr_line' id='line_1_34' title="bbox 318 2093 1428 2130; baseline 0.005 -6"><span class='ocrx_word' id='word_1_188' title='bbox 318 2093 353 2124; x_wconf 92' lang='lat' dir='ltr'>In</span> <span class='ocrx_word' id='word_1_189' title='bbox 380 2098 541 2125; x_wconf 75' lang='lat' dir='ltr'>aeternum</span> <span class='ocrx_word' id='word_1_190' title='bbox 568 2098 673 2126; x_wconf 83' lang='lat' dir='ltr'>manet</span> <span class='ocrx_word' id='word_1_191' title='bbox 997 2097 1060 2128; x_wconf 91' lang='lat' dir='ltr'>Pro</span> <span class='ocrx_word' id='word_1_192' title='bbox 1085 2096 1177 2128; x_wconf 87' lang='lat' dir='ltr'>nobis</span> <span class='ocrx_word' id='word_1_193' title='bbox 1203 2095 1308 2129; x_wconf 81' lang='lat' dir='ltr'>factus</span> <span class='ocrx_word' id='word_1_194' title='bbox 1333 2099 1428 2130; x_wconf 91' lang='lat' dir='ltr'>homo</span> 
     </span>
     <span class='ocr_line' id='line_1_35' title="bbox 363 2141 1257 2177; baseline 0.004 -6"><span class='ocrx_word' id='word_1_195' title='bbox 363 2141 652 2174; x_wconf 84' lang='lat' dir='ltr'>interminabiliter.</span> <span class='ocrx_word' id='word_1_196' title='bbox 1041 2143 1257 2177; x_wconf 86' lang='lat' dir='ltr'>ineffabiliter.</span> 
     </span>
    </p>
   </div>
   <div class='ocr_carea' id='block_1_15' title="bbox 581 2209 1165 2484">
    <p class='ocr_par' dir='ltr' id='par_1_17' title="bbox 581 2209 1165 2484">
     <span class='ocr_line' id='line_1_36' title="bbox 581 2209 787 2248; baseline 0 -8"><span class='ocrx_word' id='word_1_197' title='bbox 581 2209 612 2242; x_wconf 87' lang='lat'>3.</span> <span class='ocrx_word' id='word_1_198' title='bbox 638 2209 787 2248; x_wconf 78' lang='lat' dir='ltr'>Sanctus,</span> 
     </span>
     <span class='ocr_line' id='line_1_37' title="bbox 641 2255 978 2297; baseline 0.009 -11"><span class='ocrx_word' id='word_1_199' title='bbox 641 2255 778 2295; x_wconf 85' lang='lat' dir='ltr'>Spiritus</span> <span class='ocrx_word' id='word_1_200' title='bbox 805 2257 978 2297; x_wconf 86' lang='lat' dir='ltr'>amborum,</span> 
     </span>
     <span class='ocr_line' id='line_1_38' title="bbox 689 2303 1146 2343; baseline -0.004 -7"><span class='ocrx_word' id='word_1_201' title='bbox 689 2303 784 2336; x_wconf 88' lang='lat' dir='ltr'>Cuius</span> <span class='ocrx_word' id='word_1_202' title='bbox 810 2303 1018 2336; x_wconf 80' lang='lat' dir='ltr'>obumbrante</span> <span class='ocrx_word' id='word_1_203' title='bbox 1043 2304 1146 2343; x_wconf 80' lang='lat' dir='ltr'>gratia</span> 
     </span>
     <span class='ocr_line' id='line_1_39' title="bbox 687 2350 1165 2391; baseline 0 -10"><span class='ocrx_word' id='word_1_204' title='bbox 687 2350 794 2382; x_wconf 87' lang='lat' dir='ltr'>Mater</span> <span class='ocrx_word' id='word_1_205' title='bbox 820 2350 922 2383; x_wconf 87' lang='lat' dir='ltr'>edidit</span> <span class='ocrx_word' id='word_1_206' title='bbox 949 2352 1035 2391; x_wconf 85' lang='lat' dir='ltr'>virgo</span> <span class='ocrx_word' id='word_1_207' title='bbox 1059 2350 1165 2382; x_wconf 85' lang='lat' dir='ltr'>Maria</span> 
     </span>
     <span class='ocr_line' id='line_1_40' title="bbox 642 2396 1079 2438; baseline 0 -10"><span class='ocrx_word' id='word_1_208' title='bbox 642 2396 770 2438; x_wconf 84' lang='lat' dir='ltr'>Filium,</span> <span class='ocrx_word' id='word_1_209' title='bbox 797 2406 888 2437; x_wconf 88' lang='lat' dir='ltr'>quem</span> <span class='ocrx_word' id='word_1_210' title='bbox 913 2399 1079 2430; x_wconf 84' lang='lat' dir='ltr'>laudantes</span> 
     </span>
     <span class='ocr_line' id='line_1_41' title="bbox 689 2446 1091 2484; baseline 0.002 -9"><span class='ocrx_word' id='word_1_211' title='bbox 689 2453 757 2475; x_wconf 88' lang='lat' dir='ltr'>eum</span> <span class='ocrx_word' id='word_1_212' title='bbox 784 2447 904 2484; x_wconf 86' lang='lat' dir='ltr'>angelis</span> <span class='ocrx_word' id='word_1_213' title='bbox 931 2446 1091 2477; x_wconf 83' lang='lat' dir='ltr'>dicamus:</span> 
     </span>
    </p>
   </div>
  </div>
 </body>
</html>
