1650 2659
706 127 961 163 —279—

273 220 337 263 Qui
360 219 447 254 tollis
469 223 604 261 peccata
629 224 744 257 mundi
768 242 813 246 —
838 225 964 266 suscipe
989 227 1241 267 deprecationem
1270 234 1421 262 nostram.

550 271 580 304 5.
609 270 682 302 Iesu
709 271 820 313 dulcis,
847 278 976 305 sanctae
1002 276 1080 315 spei,

613 318 696 357 lesu,
722 321 876 359 templum
901 322 1033 364 requiei,

612 366 779 404 Miserere,
807 367 852 399 fili
878 369 949 407 Dei,

659 415 733 446 Iesu
758 416 955 457 suavissime,

277 498 339 539 Qui
363 498 452 531 sedes
477 498 522 530 ad
547 498 710 531 dexteram
728 500 838 540 patris
865 518 908 523 ——
935 503 969 532 tu
993 502 1081 534 solus
1107 502 1295 538 altissimus,

550 549 582 580 6.
610 547 692 586 Iesu⁷
719 557 839 579 summe
866 549 1054 591 consolator,

612 595 695 632 Iesu,
722 601 814 635 pater
840 600 871 626 et
898 602 1032 637 creator,

611 643 704 675 Assis
730 647 838 674 noster
864 648 1035 684 recreator,

657 690 733 722 Iesu
760 687 895 730 Christe,

275 735 355 767 Cum
379 738 491 769 sancto
517 737 637 777 spiritu
663 738 698 769 *in
723 737 830 779 yloria
856 738 920 770 Dei
939 739 1059 778 patris.

258 822 392 848 cantion.
414 829 467 848 ms.
483 822 884 855 Franciscanum(1talieum)
905 831 980 849 saec.
1000 822 1042 850 15.
1077 825 1293 852 (’<,(1.Μετυῐ;ω
1320 827 1352 852 it.
1369 827 1407 853 IX
1426 825 1487 854 145.

576 951 636 982 217.
670 953 749 983 Laus
773 952 897 989 „Gloria
919 952 1092 984 iubilatio‘&

602 1013 654 1039 De
676 1012 830 1040 sublato
852 1014 1069 1041 schismate.

277 1086 393 1120 Gloria
420 1087 454 1119 in
482 1088 611 1120 excelsis
637 1090 708 1121 Deo
736 1092 763 1121 et
791 1090 823 1120 in
850 1093 935 1122 terra
956 1100 1027 1129 pax
1051 1091 1233 1124 hominibus

273 1135 374 1167 bonae
398 1135 592 1173 voluntatis;

551 1205 582 1236 1.
610 1203 731 1244 Gloria,
757 1203 901 1235 iubilatio

659 1251 722 1284 Uni
748 1251 817 1282 Deo
843 1255 874 1282 et
899 1251 1046 1293 simplici,

620 1298 703 1330 Vero
729 1298 849 1330 Christi
876 1300 1003 1340 vicario,

660 1346 778 1377 Nostro
804 1356 924 1377 summo
947 1347 1100 1385 pontitici.

274 1421 473 1454 Laudamus
498 1425 535 1465 te,
565 1423 779 1454 bewedicimus
805 1426 842 1463 te,
871 1423 1048 1455 adoramus
1074 1426 1110 1458 te,
1137 1424 1357 1463 glorificamus
1385 1427 1429 1459 te,-

547 1472 579 1503 2.
606 1470 730 1502 Laudet
753 1471 867 1502 chorus
893 1471 1046 1502 ecclesiae

656 1519 761 1551 Unum
790 1518 908 1549 Christi
935 1519 1098 1557 vicarium,

613 1565 798 1606 Benedicat,
827 1564 980 1605 glorificet

655 1614 841 1652 Adoretque
868 1622 929 1644 non
957 1613 1095 1645 dubium.

272 1687 411 1721 Gratias
437 1688 565 1729 aqimus
590 1689 647 1720 tibi
675 1708 717 1712 —
745 1689 835 1720 Deus
854 1691 951 1728 pater
976 1690 1196 1729 omnipotens;

547 1738 578 1769 3.
606 1736 722 1768 Grates
750 1736 807 1767 tibi
834 1736 1011 1770 referimus,

654 1785 733 1824 Quia
760 1785 888 1815 excluso
914 1784 1084 1815 schismate

653 1833 752 1864 Sacro
778 1832 896 1863 dedisti
922 1836 1067 1863 neumate

608 1879 725 1911 Verum
750 1888 876 1919 papam,
903 1888 995 1918 quem
1022 1879 1187 1913 credimus.

266 1955 420 1998 Domine,
445 1954 495 1995 fili
513 1955 686 1997 uniyenite,
714 1956 791 1987 Iesu
811 1953 934 1987 Christe
960 1973 1005 1977 —-
1030 1955 1118 1995 filius
1139 1956 1266 1995 patris;

544 2006 577 2038 4.
604 2003 674 2035 Fili
699 2003 801 2043 patris
825 2003 1009 2042 oboediens,

653 2053 764 2091 Agnus
790 2050 850 2082 Dei
877 2051 1057 2091 purissime,

609 2098 775 2131 Charisma
800 2108 924 2130 sacrum
951 2099 1094 2130 tribuens

629 2146 765 2179 Unionis
790 2146 1020 2179 sanctissimae.

267 2222 330 2264 Qui
355 2222 440 2254 tollis
463 2225 596 2262 peccata
620 2223 738 2254 mundi
759 2240 807 2244 —
830 2222 955 2262 suscipe
981 2223 1236 2261 deprecationem
1262 2224 1426 2261 ozostram3

545 2274 577 2304 5.
605 2270 653 2302 Tu
679 2270 781 2302 tulisti
808 2270 848 2301 de
871 2271 975 2302 medio

653 2317 799 2350 Schisma
825 2318 963 2350 donante
987 2317 1125 2357 flamine,

608 2365 653 2398 Ut
679 2368 761 2397 esset
787 2374 851 2406 pax
877 2370 908 2397 et
933 2365 1006 2397 unio

654 2413 720 2445 Sub
746 2413 814 2445 veri
837 2421 940 2454 papae
966 2414 1112 2447 culmine.
