1650 2659
710 135 967 172 —255—

411 225 489 258 Iesu
515 226 650 265 Christe,

287 271 342 304 10.
370 273 499 306 Candor
523 275 733 314 splendifluae
759 279 848 321 lucis,
876 279 929 311 lux
954 282 1023 320 ipse
1049 289 1196 320 corusca3

413 362 558 395 Domine
582 364 682 408 Deus,

286 409 342 441 11.
370 409 508 449 Propter
532 420 589 442 nos
615 413 746 445 miseros
772 414 863 447 homo
890 421 923 447 tu
949 426 1070 457 quoque
1095 423 1143 449 snt
1169 419 1220 458 pie
1248 417 1347 457 facteg

413 498 530 539 Aynus
555 501 630 542 Dei,

284 545 340 578 12.
366 546 427 585 Qui
452 549 584 586 proprio
609 554 750 581 nostram
777 553 927 583 recreasti
953 555 1104 593 sauguine
1131 555 1236 588 vitam.

415 636 522 668 Filius
543 638 650 677 patris

286 683 341 715 13.
368 683 555 723 Altithroni‚
582 685 669 717 Deus
695 691 725 717 et
751 687 885 720 Domine
911 688 1086 728 benedicte,
1115 693 1266 724 canende.

415 773 477 814 Qui
502 775 586 806 tollis
607 779 741 814 peccata
767 778 891 817 mundi,
920 780 1067 811 miserere
1091 780 1190 822 nabis,

287 821 344 853 14.
370 820 430 852 Est
456 821 516 852 tibi
539 831 610 853 nam
637 825 802 863 proprium
828 826 952 856 miseris
977 835 1161 859 succurrere
1185 837 1319 868 semper.

419 911 482 951 Qui
507 911 593 944 tollis
613 922 650 952 p.
675 923 730 954 m.,
756 915 881 954 suscipe
905 916 1157 955 deprecationem
1182 921 1323 949 vostr-«m

286 958 340 990 15.
367 958 419 999 Et,
447 959 532 989 solus
559 961 627 990 sine
653 960 793 994 crimine.
821 963 952 994 crimina
978 969 1085 995 nostra
1113 965 1230 997 relaxa.

417 1048 479 1088 Qui
505 1049 592 1081 sedes
617 1051 663 1081 acl
687 1050 850 1083 dexteram
870 1054 988 1092 patris,
1014 1053 1162 1085 miserere
1186 1054 1284 1094 vobis,

284 1095 340 1128 16.
368 1095 413 1126 Te
439 1096 507 1127 sine
533 1106 605 1128 nam
632 1097 710 1129 nulli
737 1099 844 1130 laxant
871 1103 1031 1139 ponuntve
1057 1105 1179 1132 reatus:

414 1185 578 1226 Quoniam
603 1190 638 1218 tu
664 1187 750 1220 solus
774 1192 916 1229 sanctus,

283 1233 337 1265 17.
365 1233 574 1265 Sanctificans
602 1239 724 1271 cuncta,
755 1244 863 1267 censes
887 1245 966 1275 quae
992 1237 1060 1268 iure
1085 1238 1260 1277 sacranda3

414 1323 467 1354 Tu
491 1323 578 1356 solus
603 1324 778 1365 Dominus,

284 1371 339 1404 18.
369 1370 427 1402 Cui
454 1372 577 1403 servire
604 1372 711 1411 decus,
738 1373 870 1405 libertas
896 1383 1016 1405 summa
1043 1375 1169 1414 placere
1195 1379 1261 1414 est;

415 1456 467 1488 Tu
491 1457 578 1489 solus
605 1457 794 1498 altissimus,

285 1505 341 1537 19.
367 1503 431 1535 Sed
458 1505 608 1544 precibus
633 1514 785 1545 praesens
811 1504 1001 1538 famulorum
1027 1516 1160 1546 semper,
1187 1507 1312 1548 ubique,

412 1551 489 1584 Iesu
517 1552 653 1594 Christe,

417 1598 501 1631 Cum
525 1605 637 1632 sancto
663 1601 781 1642 spiritu
808 1601 843 1632 in
867 1601 974 1642 yloria
1002 1601 1065 1632 Dei
1084 1601 1204 1640 patris.

260 1694 350 1728 Trop.
376 1702 431 1720 ms.
452 1695 634 1721 Nivernense
660 1703 736 1722 saec.
765 1693 809 1722 11.
849 1694 920 1722 Cod.
941 1695 1067 1722 Parisin.
1095 1693 1179 1722 9449.
1203 1696 1236 1722 A.
1265 1711 1300 1716 —
1329 1697 1414 1731 Trop,
1443 1703 1495 1722 ms.

184 1732 368 1759 Nivernense
398 1740 473 1759 saec.
509 1730 551 1758 12.
600 1732 672 1759 God.
704 1733 830 1759 Parisin.
862 1734 955 1760 Nouv.
987 1741 1049 1767 aeq.
1083 1731 1162 1760 1235.
1197 1735 1226 1760 15.
1258 1747 1294 1752 —-
1326 1735 1411 1769 Trop.
1444 1742 1496 1760 ms-

183 1770 422 1798 Emmeramense
444 1779 519 1798 saec.
543 1769 614 1798 ¹¹!12.
637 1771 708 1798 Clm.
724 1771 876 1798 Monacen.
901 1769 1007 1798 14083.
1024 1772 1053 1797 U.
1069 1786 1104 1790 —
1119 1771 1204 1806 Trop.
1227 1781 1278 1798 της.
1294 1773 1447 1807 Anglicun]
1460 1772 1496 1801 (Ἠ

184 1817 260 1836 saec.
285 1806 355 1837 ¹¹l12.
397 1809 466 1837 cod.
488 1809 650 1836 Londinen.
673 1810 742 1844 Reg.
763 1808 781 1836 8
803 1809 825 1832 0
848 1810 927 1836 v111.
949 1810 984 1836 D.

259 1847 295 1874 In
315 1846 340 1873 A
367 1846 437 1883 geht
462 1856 569 1874 voraus
595 1846 642 1874 die
664 1847 851 1882 Einleitung:
880 1847 1039 1874 Laetentur
1059 1847 1132 1874 caeli
1154 1848 1299 1876 caelorum
1321 1853 1349 1876 et
1370 1849 1493 1875 exsultet

183 1886 278 1913 omnis
306 1885 386 1913 orbis
411 1891 567 1917 terrarum,
595 1886 666 1919 quia
692 1884 779 1913 hodie
799 1885 932 1913 Christus
955 1886 990 1912 <le
1013 1886 1127 1921 virgine
1149 1890 1235 1913 natus
1257 1891 1308 1914 est.
1335 1887 1494 1914 labilemus

183 1932 284 1951 omnes
310 1932 375 1950 cum
402 1924 516 1959 angelis
544 1924 703 1950 clamantes
730 1927 759 1950 et
786 1924 930 1951 dicentes:
960 1923 1094 1951 Gloria
1122 1925 1157 1951 in
1186 1926 1348 1953 excelsis
1377 1928 1429 1951 etc.
1459 1938 1490 1943 ψ-

185 1961 198 1989 1
219 1971 376 1997 possumus
397 1962 434 1990 ad
455 1966 484 1990 te
505 1963 537 1994 A,
560 1963 594 1989 ad
618 1964 645 1988 te
664 1963 696 1994 B,
719 1962 771 1989 abs
793 1966 821 1988 te
836 1964 872 1989 D.
893 1976 930 1979 —
952 1961 970 1989 2
984 1962 1041 1988 Sed
1063 1962 1212 1990 celebrant
1226 1965 1248 1991 C
1266 1964 1307 1997 D;
1330 1965 1494 1999 pariterque

181 2000 330 2028 caelorum
354 2001 395 2035 D:
418 2003 525 2028 terram
547 2001 570 2027 A
593 2001 629 2028 D.
654 2015 687 2019 —
707 1998 725 2026 4
746 2010 831 2034 quem
852 2009 941 2027 curuo
963 2001 999 2027 D.
1020 2015 1057 2018 —
1078 1999 1094 2026 5
1115 2001 1187 2027 fehlt
1207 2003 1231 2028 A
1246 2003 1278 2029 B.
1300 2019 1335 2022 —
1357 2002 1373 2029 5
1390 2002 1426 2027 At
1446 2002 1492 2036 pie

182 2040 214 2067 C.
235 2053 273 2057 —
293 2038 311 2066 6
326 2039 383 2072 Qui
398 2040 436 2072 133
458 2047 547 2075 regna
563 2048 613 2073 per
626 2039 662 2065 D.
680 2052 714 2057 -—
731 2037 746 2064 7
761 2039 873 2066 Cuncta
888 2047 990 2065 creans
1007 2039 1039 2068 A.
1056 2038 1264 2074 cunctipotens
1283 2041 1326 2074 D;
1347 2038 1493 2067 tremendu

180 2077 311 2113 rogande
332 2077 479 2113 sequende
495 2078 530 2104 D.
551 2092 588 2096 —
609 2074 626 2103 8
641 2077 728 2103 tellus
743 2077 884 2104 cherubin
899 2085 1014 2113 quoque
1030 2078 1067 2110 133
1087 2086 1223 2105 coercens
1239 2080 1271 2106 C.
1286 2093 1322 2097 —
1337 2078 1354 2106 9
1370 2078 1491 2104 Domine

181 2116 349 2143 dominator
374 2117 415 2151 D;
447 2116 541 2151 adque
568 2116 601 2143 A.
627 2129 663 2132 —
690 2113 723 2142 10
744 2115 875 2142 Scandnr
894 2118 932 2148 A;
961 2118 1095 2142 coruscat
1114 2116 1138 2142 A
1160 2117 1183 2143 B
1205 2117 1240 2143 D.
1271 2131 1304 2136 —
1334 2116 1365 2144 11
1395 2120 1494 2141 nostra

180 2156 286 2182 creasti
309 2157 454 2190 sanguine
475 2158 526 2181 tuo
541 2155 576 2181 D.
601 2152 635 2180 13
653 2153 803 2180 benedicte
819 2153 938 2180 colende
953 2154 989 2181 D.
1009 2167 1047 2172 -—
1070 2153 1103 2180 15
1118 2154 1171 2181 Est
1186 2156 1217 2184 Α,
1237 2155 1277 2182 Es
1294 2155 1336 2187 D;
1359 2154 1492 2181 relaxans

180 2193 216 2220 D.
240 2207 276 2211 —
298 2191 333 2220 16
357 2194 421 2220 sine
442 2201 500 2219 nan
522 2192 557 2224 A,
579 2193 642 2219 sine
664 2201 731 2218 num
748 2193 790 2225 D3
813 2192 909 2219 nullos
925 2192 955 2223 C,
977 2192 1067 2218 nullis
1082 2192 1124 2220 D:
1146 2193 1286 2220 scelerum
1307 2194 1443 2223 (selenum
1459 2192 1496 2221 D)

179 2231 283 2258 laxant
306 2232 329 2260 C
350 2231 392 2265 D3
421 2230 544 2258 lauxant
563 2231 603 2263 B;
625 2232 738 2265 ponunt
758 2233 894 2257 vereatur
915 2230 940 2256 A
961 2231 985 2257 B
1005 2230 1042 2257 D.
1062 2244 1100 2249 —-
1124 2229 1157 2258 17
1179 2240 1356 2266 censensque
1378 2230 1415 2262 133
1439 2230 1493 2256 rite

179 2270 333 2298 saci-adam
355 2270 391 2296 D.
412 2282 449 2288 —-
472 2267 508 2296 18
527 2270 586 2303 Qui
608 2269 642 2295 D.
664 2283 700 2286 —
722 2268 756 2295 In
777 2269 803 2296 D
824 2268 899 2304 folgc
919 2268 962 2295 als
986 2267 1118 2296 Schluss:
1140 2270 1255 2297 Christe
1276 2270 1422 2296 caelorum
1443 2275 1493 2294 rex

179 2308 269 2341 alme,
296 2316 385 2335 voces
414 2310 547 2340 nostras,
574 2316 590 2334 ο
618 2307 734 2339 inclite,
762 2307 882 2333 vocibus
904 2307 1072 2342 angelorum
1095 2307 1235 2344 adiunge,
1263 2317 1339 2335 cum
1366 2308 1493 2333 sancto

178 2347 330 2383 spiritu.
358 2360 394 2364 —
421 2345 456 2372 In
483 2346 593 2373 diesem
622 2346 736 2380 Tropus
764 2347 804 2372 ist
829 2344 880 2372 der
909 2343 1099 2373 Gloria-Text
1125 2348 1177 2373 mit
1204 2346 1268 2373 dem
1289 2345 1492 2381 Tropus-Text

178 2386 309 2413 immer
334 2384 399 2412 aufs
426 2385 554 2420 innigste
575 2384 760 2418 verbunden3
789 2383 840 2411 der
855 2383 1002 2420 jeweilige
1023 2384 1098 2412 Vers
1119 2393 1171 2412 aus
1193 2385 1257 2412 dem
1277 2385 1379 2411 Gloria
1400 2382 1492 2410 bildet

179 2425 235 2451 mit
259 2423 324 2452 dem
346 2422 579 2460 nachfolgenden
600 2423 778 2451 Hexameter
798 2425 869 2449 stets
891 2423 1001 2450 einen
1027 2419 1110 2456 Satz,
1138 2424 1226 2451 bezw.
1247 2425 1307 2451 eiu
1333 2419 1489 2457 Satzglied.
