1650 2659
689 129 946 165 —327—

533 285 602 317 308.
643 288 775 318 Sanctus
798 287 910 326 „Pater
930 287 1098 326 ingenite“.

163 380 193 413 1.
219 379 369 420 Sanetus,
847 388 877 420 3.
904 386 1053 427 Sanctus,

221 427 317 460 Pater
341 429 490 472 ingenite,
906 434 1009 471 Assis,
1035 434 1199 474 paraclite,

268 479 394 508 creator
418 478 566 517 omnium,
953 480 1100 512 fidelibus
1126 481 1197 517 tuis,

221 522 300 555 Esto
325 525 483 563 propitius
906 528 947 560 Ut
974 537 1030 559 nos
1056 528 1224 565 illumineS,

268 571 374 603 choris
400 573 590 606 canentium.
952 576 1026 608 dum
1051 576 1162 607 sordes
1188 575 1301 607 abluis.

161 674 193 706 2.
222 675 371 718 Sanctus,
846 681 877 710 4.
904 679 1067 709 Dominus
1086 679 1174 710 Deus
1199 697 1245 701 ᾖ
1272 679 1303 709 in
1324 679 1468 716 masis,-

220 722 360 753 Yerhum
389 721 507 754 factum
534 733 608 756 caro
905 726 974 756 Lux
998 725 1195 765 indeficiens,

268 769 322 809 qui
347 774 480 802 mortem
507 780 648 811 superas,
952 773 1044 804 beata
1070 774 1207 811 trinitas,

219 816 341 848 Emitte
367 818 525 857 spiritum,
905 820 1063 851 Summum
1092 829 1164 851 vere
1191 820 1315 852 bonum.

267 865 348 896 sicut
373 866 577 905 promiseras.
953 867 1032 908 fons,
1060 867 1176 903 lumen,
1203 869 1329 901 caritas,

482 972 512 1003 5.
540 970 737 1002 Benedictus
765 989 805 993 —
832 970 963 1001 nomine
987 970 1146 1007 Domini,-

542 1017 741 1049 Praeeedant
766 1017 863 1056 igitur

588 1063 727 1095 Hebraei
753 1064 854 1104 pueri,

543 1111 730 1152 sequantur,
757 1111 891 1142 iubilent

588 1157 716 1189 Fideles
743 1158 860 1198 cete11'3

539 1205 704 1238 Hoscmna
731 1206 765 1236 in
791 1205 929 1238 excelsis

232 1308 320 1343 Trop.
341 1317 394 1334 ms.
416 1305 606 1336 Martialense
629 1317 703 1336 saec.
727 1308 770 1336 12.
812 1309 880 1337 eod.
905 1311 1030 1337 Parisin.
1051 1308 1133 1336 3719.

547 1495 614 1527 309.
657 1498 804 1534 „Sanctus
827 1505 887 1536 pax
910 1497 940 1526 in
963 1496 1077 1527 caelo“.

161 1596 177 1627 1
193 1603 221 1627 a.
250 1593 401 1635 Sanctus,
843 1596 858 1627 1
872 1595 902 1628 b.
934 1595 1082 1634 Samius,

252 1642 319 1673 Pax
353 1642 386 1673 in
412 1642 500 1673 caelo
526 1646 631 1674 manet
657 1651 782 1682 semper
937 1643 1102 1674 Laudatur
1128 1643 1212 1674 trina
1237 1643 1385 1675 maiestas

251 1697 320 1720 cum
346 1689 416 1721 Deo
441 1694 472 1721 et
499 1699 568 1721 eum
935 1696 965 1721 et
992 1691 1105 1721 colitur
1131 1699 1150 1721 a

249 1736 360 1768 electis
387 1736 463 1770 eius,
935 1743 1047 1770 cuncto
1073 1737 1200 1778 populo.

160 1844 220 1875 2³.
249 1841 400 1880 Sanctus,
841 1841 903 1875 2b.
934 1842 1099 1873 Dominus
1124 1842 1215 1875 Deus
1240 1843 1402 1883 Sabaoth·

251 1889 296 1920 Te
325 1888 518 1920 benedicunt
543 1888 677 1920 virtutes
936 1889 1157 1921 Glorificamus
1184 1898 1349 1931 personam

249 1938 408 1969 caelorum
437 1941 467 1968 et
493 1940 528 1968 tu
937 1937 1086 1975 divinam,
1114 1946 1193 1978 quae
1221 1938 1252 1969 in

249 1985 408 2025 gubernas
434 1988 559 2016 cuneta.
936 1990 1098 2017 aeternum
1123 1991 1239 2019 manet.

160 2094 221 2126 3a.
246 2090 345 2124 Pleni
356 2089 524 2123 suntcaelz'
537 2088 702 2130 -9loria
711 2091 778 2126 tua,
841 2089 902 2122 3b,
933 2089 1095 2122 Hosanna
1121 2091 1156 2121 in
1180 2091 1316 2133 excelsis,

248 2139 307 2177 Qui
333 2139 428 2170 sedes
451 2139 486 2170 in
510 2138 626 2169 throno
653 2137 737 2176 divo,
934 2137 960 2169 Ο
986 2146 1053 2175 rex,
1080 2139 1133 2178 qui
1158 2138 1192 2170 in
1218 2139 1314 2171 caelis
1339 2148 1463 2180 regnaS,

247 2186 365 2219 exaudi
391 2193 502 2226 preces
933 2193 1003 2216 cum
1030 2189 1120 2225 patre
1146 2195 1224 2218 unus

246 2239 372 2267 nostras
399 2237 430 2265 et
459 2233 612 2265 miserere
638 2231 739 2266 nobis,
934 2232 966 2264 iu
991 2234 1145 2276 trinitate,
1172 2243 1320 2267 succurre
1346 2235 1447 2267 nobis.

225 2340 315 2374 Trop.
343 2347 396 2365 ms.
423 2337 621 2371 Aretinum(?)
647 2345 722 2364 saec.
752 2334 795 2364 11.
838 2336 908 2364 Cod.
935 2337 1058 2365 Roman.
1079 2338 1212 2366 Vallicel.
1242 2340 1264 2366 C
1291 2337 1336 2365 52.
1364 2340 1398 2365 A.
1427 2354 1466 2358 -—

150 2379 239 2414 Trop.
260 2386 313 2405 me.
336 2377 561 2404 Ravennatense
582 2383 658 2403 saec.
681 2373 752 2402 ¹¹l12.
788 2375 857 2402 Cod.
880 2375 975 2410 Capit.
989 2377 1132 2404 Mutinen.
1151 2377 1175 2404 Ο
1190 2378 1204 2404 Ι
1226 2375 1250 2403 7.
1266 2379 1298 2404 Β,
1320 2392 1356 2395 -
1377 2378 1462 2414 Trop.

149 2425 202 2444 ms.
224 2416 466 2444 Beneventanum
494 2422 570 2442 saec.
600 2412 643 2441 12.
685 2413 756 2442 cod.
777 2413 872 2450 Capit.
894 2415 1091 2442 Beneventan.
1119 2413 1163 2442 26.
1186 2417 1216 2443 C.
1239 2430 1275 2433 —-
1296 2415 1382 2443 Grad.
1412 2426 1465 2444 ms.
