1650 2659
680 95 938 130 —116—

503 203 529 227 c.
556 195 613 235 Tu,
641 192 693 232 qui
719 192 821 232 patris
846 199 878 223 es
906 190 1046 233 verbum,

552 239 711 282 Quidquid
738 243 786 270 est
811 238 992 280 superbum,

554 287 717 329 Quidquid
744 290 792 318 est
816 287 963 318 acerbum

600 336 748 374 Remove,

600 383 667 414 Nos
691 384 762 414 tuos
786 381 914 423 refove3

648 429 778 462 eleison.

174 576 201 597 a.
230 566 340 606 Kyme,
366 564 495 603 spiritus
853 562 883 594 b.
910 562 935 594 O
961 571 1016 594 rex
1042 562 1236 598 clementiae,

230 614 336 654 Sacer,
362 612 546 652 paraclitus,
910 609 996 650 Ignis
1022 610 1170 647 iustitiae,

228 661 319 692 Assis
345 669 405 690 non
432 658 560 697 invitus,
910 657 1011 689 Nobis
1036 657 1068 689 in
1093 657 1154 690 hac
1177 657 1228 689 die

229 707 368 739 Caelitus
912 704 1044 744 Proprie

229 753 328 786 Nobis
353 753 533 792 exhibitus3
909 752 954 784 Te
979 753 1081 792 ipsum
1107 751 1229 791 tribues,

277 801 403 833 eleison.
956 799 1085 832 eleison.

601 884 627 909 c.
654 875 787 907 Flamen
815 875 986 916 vivificans,

655 923 781 954 Montes
806 922 1015 955 mundificans

657 970 699 1002 Et
725 970 782 1002 has
808 970 989 1002 inhabitans

655 1017 778 1058 Gratia,

657 1065 723 1103 Qua
749 1066 853 1104 reples
879 1065 993 1104 omnia,

705 1112 831 1144 eleison.

232 1188 320 1222 Trop.
348 1197 400 1214 ms.
426 1188 455 1214 S.
485 1186 583 1213 Aredii
610 1187 826 1213 Lemovicensis
858 1195 932 1214 saec.
966 1184 1008 1213 11.
1055 1186 1125 1213 cod.
1152 1186 1278 1213 Parisin.
1305 1184 1369 1214 903.
1398 1188 1463 1216 add.

156 1234 230 1252 saec.
257 1225 298 1252 13.
320 1227 352 1252 Α.
367 1240 403 1245 -
418 1226 503 1259 Trop.
521 1234 571 1250 nis.
586 1224 614 1250 S.
630 1225 776 1251 Leonardi
794 1225 1012 1251 Lemovicensis
1027 1232 1102 1251 saec.
1120 1221 1162 1250 13.
1178 1226 1216 1251 in.
1252 1224 1320 1252 Cod.
1335 1226 1460 1254 Parisin.

159 1262 238 1290 1086.
253 1264 285 1290 B.
311 1277 347 1281 υ
368 1264 455 1298 Trop.
471 1267 499 1289 et
513 1262 600 1289 Grad.
616 1271 667 1288 ms.
684 1262 956 1289 Fontisebraldense
971 1270 1044 1289 saec.
1063 1261 1104 1289 14.
1120 1263 1159 1289 in.
1192 1263 1261 1290 cod.
1276 1264 1462 1292 Lemovicen.

154 1302 171 1327 μ’
192 1299 258 1331 ιὶῖι.
273 1302 304 1328 C.
328 1315 362 1319 ψ
383 1301 465 1327 Miss.
480 1302 687 1327 Lemovicense
707 1302 776 1335 imp.
798 1298 905 1335 [1540]
920 1302 956 1328 D.
977 1313 1013 1318 —
1036 1299 1088 1332 ib,
1109 1298 1126 1327 3
1147 1309 1189 1335 sq.
1205 1301 1326 1335 Depelle
1342 1304 1464 1330 crimina

153 1340 297 1374 [praemia
324 1339 357 1371 C)
374 1339 378 1374 ι’
396 1339 505 1373 Turpia
524 1336 527 1371 Ι,
544 1338 668 1373 Deterge
692 1339 766 1365 vitia
786 1339 809 1365 B
834 1340 864 1365 C.
886 1354 921 1357 —
952 1338 1004 1369 lc,
1031 1336 1049 1364 3
1070 1339 1226 1366 Cantemus
1246 1339 1283 1366 D.
1305 1354 1341 1358 -—
1366 1340 1418 1371 lc,
1445 1340 1464 1368 4

158 1386 200 1411 sq.
223 1377 340 1404 Sustine
358 1376 361 1410 1
380 1377 436 1403 Pro
458 1380 507 1403 tuo
528 1378 644 1402 nomine
666 1377 689 1402 B
709 1376 739 1402 C.
761 1390 798 1394 -—-
821 1374 872 1405 2a.
893 1375 911 1403 3
931 1377 991 1403 Nos
1013 1376 1087 1403 velis
1108 1377 1209 1403 iuvare
1223 1378 1247 1404 B
1264 1378 1295 1405 C.
1316 1392 1353 1397 —
1375 1377 1423 1409 2³,
1443 1379 1463 1406 4

159 1425 201 1448 sq.
223 1416 345 1442 Lumine
362 1420 366 1449 Ι
384 1415 445 1441 Nos
466 1417 516 1441 tuo
538 1418 655 1448 protege
676 1415 708 1446 B,
730 1415 833 1442 Libere
852 1416 854 1449 Ι
874 1415 931 1442 Fac
952 1423 1005 1441 nos
1026 1418 1118 1441 tecum
1142 1416 1242 1442 vivere
1263 1417 1292 1442 C.
1314 1431 1352 1434 —
1372 1415 1421 1449 2c,
1449 1417 1461 1444 1

155 1453 205 1487 qui
237 1452 309 1479 fehlt
329 1454 353 1480 A
374 1453 410 1479 D.
436 1467 472 1471 —-
499 1449 553 1484 20,
580 1450 598 1478 3
619 1451 677 1478 und
697 1451 715 1479 4
737 1454 876 1487 Quisquis
897 1455 929 1480 C.
950 1468 986 1470 —
1009 1451 1064 1484 2c,
1090 1451 1106 1479 5
1128 1453 1189 1480 Nos
1210 1462 1323 1488 semper
1344 1460 1463 1491 protege

155 1493 178 1516 Α
203 1491 224 1517 C
245 1491 281 1516 D.
303 1504 338 1508 —
361 1489 411 1522 3b,
432 1489 450 1517 4
470 1490 613 1525 Prospere
633 1491 654 1516 Β
670 1489 699 1516 C.
721 1504 758 1508 —
778 1488 829 1521 31),
852 1490 869 1518 5
890 1492 935 1518 Da
957 1491 987 1518 in
1009 1494 1036 1518 te
1056 1491 1182 1525 gaudere
1198 1491 1232 1523 B,
1255 1492 1336 1519 Dans
1358 1498 1463 1521 cuncta

155 1536 258 1562 genere
273 1525 305 1563 [ἵ]
322 1528 351 1555 C.
373 1542 409 1546 —-
429 1526 469 1555 30
484 1529 576 1555 lautet
589 1529 618 1554 in
636 1529 673 1555 C:
691 1529 715 1555 Ο
730 1529 853 1564 simplex
867 1530 970 1560 deitas,
988 1528 991 1563 1
1010 1529 1034 1556 O
1052 1529 1159 1564 triplex
1173 1530 1279 1562 unitas,
1298 1530 1301 1566 Ι
1320 1530 1464 1563 Debitass)

156 1567 303 1597 remittas,
328 1565 482 1601 iverim,
505 1565 639 1601 mimas,
667 1567 793 1593 bonitas.
819 1582 855 1585 ——
880 1567 937 1595 Die
957 1568 1099 1594 Les-arten
1127 1568 1158 1594 in
1179 1569 1203 1595 B
1227 1568 1287 1594 und
1314 1568 1335 1595 C
1365 1572 1462 1597 stbren

155 1605 310 1638 ‹lurchweg
331 1604 385 1631 den
407 1606 507 1631 reinen
527 1604 619 1631 Reim.

563 1734 609 1766 510.
650 1734 749 1773 Kyrie
772 1734 907 1772 „Summe
929 1736 1048 1775 patei-¹⁴.

798 1815 828 1849 1.

170 1889 199 1912 a.
227 1879 352 1912 Summe
376 1883 477 1922 pater,
845 1881 875 1913 b.
902 1881 972 1914 Non
995 1881 1034 1914 ab
1059 1883 1126 1914 uuo

274 1936 427 1958 summum
453 1928 653 1970 principium,
953 1938 1078 1962 sumens
1103 1931 1283 1972 exordium,

270 1974 398 2008 eleison.
952 1977 1082 2011 eleison.

552 2060 576 2082 c.
604 2050 722 2082 Creans
747 2051 848 2082 iucem

655 2102 686 2129 et
710 2099 812 2130 noctis
837 2099 987 2138 spatium,

655 2146 784 2179 eleison.

790 2224 808 2254 ¹2

171 2288 200 2311 a.
229 2276 363 2319 Christe,
391 2277 496 2308 lumen
849 2279 879 2312 b.
905 2279 1040 2317 Christe,
1067 2279 1149 2319 lapsi

274 2325 418 2356 caelestis
443 2325 581 2365 luminis,
954 2327 1138 2365 redemptor
1161 2327 1308 2364 hominis,

276 2372 406 2406 eleison.
954 2375 1082 2406 eleison.
