1650 2659
750 138 1009 173 -180—

626 245 649 267 e.
678 235 831 267 Precibus

680 283 762 314 tueri
788 290 914 322 semper

681 332 842 362 valeamus
869 330 920 362 hic

681 384 712 410 et
737 380 769 410 in
796 377 912 411 futuro.

307 467 392 502 Trnp.
419 475 470 491 ms.
500 466 659 491 Romanum
687 471 761 490 saec.
790 461 864 490 ¹¹12.
904 462 975 492 cod.
996 463 1128 490 Vatican.
1155 460 1238 490 5319.
1256 478 1293 482 —-
1313 461 1363 496 2ο,
1387 462 1400 490 1
1422 464 1469 491 Et.
1489 479 1526 483 —

229 506 288 532 Da<
315 505 427 539 Kyrie
453 503 588 534 (Christe)
613 502 757 529 eleison
780 501 847 536 geht
869 500 952 534 jeder
983 500 1105 536 Strophe
1133 509 1247 528 voi-aus.
1272 515 1307 521 —-
1327 501 1383 529 Die
1402 502 1525 530 Melodie

228 545 265 569 ist
287 544 331 570 fiir
353 543 409 569 alle
430 540 446 568 9
469 541 613 576 Strophen
634 540 680 566 die
701 539 822 576 gleiehe.

650 660 710 692 122.
742 659 839 698 Kyrie
861 659 960 697 „neus
982 659 1131 691 excelse·‘.

867 750 898 781 1.

247 828 274 850 a.
302 817 388 850 Deus
413 817 546 855 excelse,
924 815 955 850 b.
981 815 1038 855 Qui
1066 815 1148 856 regis
1174 816 1279 856 polum

303 870 393 905 pater
419 865 619 905 sempiterne,
981 871 1102 895 necnon
1128 867 1159 894 et
1183 872 1260 895 arva

299 914 329 944 in
356 912 498 943 trinitate
981 911 1132 950 pontique
1155 911 1212 942 alti

301 961 352 1000 qui
379 968 491 998 regnas
517 967 660 999 semper3
982 959 1109 990 caerula
1134 958 1245 1000 simulg

623 1053 647 1077 c.
675 1043 802 1075 Exaudi
829 1044 946 1075 elerum

679 1091 891 1130 populumque
918 1095 1064 1122 cunctum

678 1138 718 1169 ad
744 1143 775 1169 te
801 1139 910 1169 humili

680 1195 756 1216 voce
782 1187 980 1218 clamantem.

863 1272 895 1304 2.

247 1348 273 1369 a.
301 1338 496 1376 Redemptor
521 1337 640 1376 mundi,
922 1337 952 1369 b.
979 1338 1015 1368 In
1043 1345 1135 1368 cruce
1160 1345 1271 1376 passus

299 1385 428 1417 verbum
454 1384 506 1423 qui
533 1393 565 1415 es
728 1401 732 1404 >
981 1394 1040 1424 pro
1066 1385 1168 1416 salute

303 1432 488 1471 sempiterni
514 1431 614 1470 patris
983 1436 1100 1469 nostra,
1128 1432 1248 1463 redime
1273 1439 1334 1476 nos¹

302 1484 432 1520 propter
458 1487 514 1510 nos
541 1488 613 1510 caro
640 1477 767 1518 factum,
981 1488 1000 1510 a
1025 1483 1126 1510 morte
1151 1483 1292 1521 aeterna,
1317 1487 1336 1510 o

300 1527 450 1558 miserere
474 1525 575 1565 nobis,
982 1527 1082 1567 theos,
1110 1527 1261 1558 miserere

300 1574 427 1606 eleison.
982 1573 1117 1608 famulis.

627 1668 651 1692 c.
679 1660 777 1691 Astra
803 1659 1028 1699 conscendens,

683 1708 784 1747 patris
806 1716 890 1738 nunc
915 1708 956 1739 ad

684 1755 845 1786 dexteram
872 1754 1026 1793 residens,

683 1802 854 1843 nobiscum,
882 1806 918 1833 ut
942 1801 1126 1844 promisisti,

682 1854 806 1881 maneto
832 1859 958 1889 semper

682 1897 714 1927 in
740 1906 862 1930 aevum.

865 1983 897 2016 3,

249 2056 278 2078 a.
305 2047 442 2086 Spiritus
467 2047 558 2088 alme,
921 2048 953 2083 b,
980 2049 1026 2082 Ut
1049 2049 1082 2080 in
1106 2053 1163 2080 tua

303 2095 374 2134 igne
400 2100 452 2124 tuo
478 2099 588 2126 sancto
982 2104 1163 2128 maneamus
1188 2095 1303 2134 iugiter

303 2141 391 2180 reple
416 2142 511 2174 corda
537 2151 698 2173 servorum
982 2148 1154 2183 praecepta
1178 2147 1347 2184 operantes

304 2192 427 2220 tuorum
453 2193 484 2219 te
510 2191 717 2228 precantium,
981 2194 1035 2222 tua
1060 2191 1193 2222 dextera
1218 2194 1338 2223 sancta.

629 2283 654 2306 c.
681 2274 766 2313 Quae
793 2280 867 2306 sunt
891 2280 990 2313 recta,

685 2329 862 2363 operemur,
889 2321 1036 2362 concede,

684 2367 770 2401 Deus
795 2369 1004 2410 omnipotens,
1031 2377 1115 2400 nune

685 2419 716 2448 et
739 2425 864 2456 semper
888 2419 920 2448 et
943 2417 976 2448 in
1000 2425 1122 2449 aevum.
