1650 2659
715 173 973 208 —330—

421 270 452 302 2.
478 270 618 302 Sanctus

480 318 509 348 A
535 321 626 355 patre
649 325 712 347 non
739 315 857 346 habens
882 313 1016 356 initium,

480 363 542 395 Sed
568 373 586 394 a
613 368 713 394 matre
738 371 863 394 sumens
889 362 1073 403 exordium

422 440 451 470 220

479 440 617 470 Sanctus

478 485 529 516 Ab
556 490 688 524 utroque
713 494 844 516 manans
869 483 994 525 flamen,

478 533 536 570 Qui
563 533 726 571 culparum
751 541 784 563 es
810 539 993 572 purgamen,

421 609 452 639 4.
479 607 643 638 Dominus
668 607 757 638 Deus
783 605 924 638 Sabaoth
948 623 994 628 -—
1022 606 1053 636 in
1080 606 1217 638 excelsis.

479 654 546 685 Tua
571 663 704 693 regnans
731 655 763 685 in
789 653 889 694 gloria

481 699 655 733 Descendit
681 701 742 732 huc
766 702 797 732 in
824 700 931 732 infima

525 748 643 779 Summi
670 749 769 788 patris
795 748 890 786 filius,

525 796 620 833 Quem
647 797 693 826 sic
720 795 953 826 benedicimus:

420 873 450 902 5.
477 870 680 906 Benedictus,
707 870 762 909 qm·
788 871 872 902 venit
894 869 929 900 in
955 869 1086 901 nomine
1109 869 1256 910 Domini,

478 917 567 948 Servi
595 917 726 949 formam
752 922 786 948 ut
812 921 949 949 sumeret

477 964 669 1004 Servumque
694 970 727 995 ut
754 965 935 995 redimeret.

524 1012 609 1051 Ergo
635 1021 689 1042 nos
717 1012 810 1051 patri,
838 1015 911 1043 nato
938 1016 969 1042 et
993 1009 1111 1042 flamini

525 1059 695 1098 Redempti
721 1064 824 1090 mente
851 1058 992 1090 dicamus
1016 1058 1128 1090 hilari:

569 1106 733 1138 Hosamza
761 1107 794 1137 in
821 1105 958 1138 excelsis.

267 1191 353 1225 Trop.
369 1199 419 1217 ms.
431 1190 636 1217 Glastoniense
647 1190 670 1221 1²?
678 1191 899 1219 cantuariense)
913 1198 987 1216 saec.
1005 1189 1047 1216 11.
1063 1199 1105 1216 ex.
1117 1190 1156 1220 (et
1170 1188 1222 1222 12).
1250 1190 1318 1217 Cod.
1331 1189 1494 1216 Loudinen.

191 1228 283 1263 cang.
300 1229 323 1253 A
337 1229 416 1255 xiv.
438 1243 470 1246 —
492 1228 573 1254 onae
587 1228 724 1255 Melodie.
739 1243 775 1247 —
792 1227 817 1259 1,
838 1228 856 1255 3
871 1236 997 1261 unquam
1012 1227 1091 1254 fehlt.
1107 1242 1143 1246 —
1157 1225 1183 1259 3,
1205 1226 1222 1254 2
1238 1235 1365 1255 manens.
1380 1241 1415 1245 —
1431 1226 1456 1258 4,
1477 1225 1496 1254 2

194 1266 248 1292 hut-
272 1266 350 1292 fehlt.
374 1281 408 1284 —
431 1264 456 1295 5,
480 1265 497 1291 3
518 1274 572 1300 que
593 1266 671 1292 fehlt.
695 1281 729 1283 —
751 1265 775 1293 5.
797 1265 815 1292 4
835 1274 888 1292 nos
909 1265 988 1292 fehlt.
1009 1280 1046 1284 —
1067 1266 1127 1292 Das
1142 1269 1217 1292 erste
1233 1266 1396 1292 Sanetus
1418 1265 1495 1292 steht

192 1304 220 1329 in
249 1302 299 1330 der
328 1304 380 1330 Hs.
407 1303 535 1329 offenbar
562 1303 653 1329 false-li
681 1308 751 1330 statt
777 1312 829 1330 vor
854 1303 917 1330 dem
951 1302 974 1329 1.
1003 1312 1055 1330 vor
1083 1304 1147 1330 dem
1174 1301 1200 1330 2.
1222 1304 1294 1330 Vers
1321 1303 1371 1330 der
1399 1308 1495 1330 ersten

191 1342 323 1376 ὃτι-(φὴς.
346 1356 380 1360 -
402 1341 436 1368 In
457 1341 512 1367 «len
533 1341 677 1376 Stmphssn
699 1340 724 1373 2,
746 1340 763 1368 3
785 1342 842 1368 und
863 1339 881 1366 4
902 1341 973 1368 fehlt
994 1341 1039 1368 die
1060 1341 1178 1368 Initiale
1200 1341 1249 1368 des
1273 1340 1297 1368 1.
1318 1341 1432 1368 Verses.

557 1480 617 1510 313.
659 1481 789 1510 Sanetus
811 1483 842 1511 et
865 1482 1013 1510 aeternus
1034 1480 1122 1510 Deus.

206 1570 234 1601 1.
263 1569 401 1601 Sanctus
428 1572 457 1598 et
483 1573 630 1599 aeternus
656 1570 741 1600 Deus
883 1570 914 1600 2.
941 1569 1079 1601 Sanctus
1106 1573 1291 1601 coaeternus
1316 1569 1402 1600 Deus

262 1622 362 1656 pater,
390 1626 407 1647 a
432 1615 518 1646 nullo
544 1616 684 1655 genitus3
940 1616 1033 1656 filius,
1061 1627 1080 1648 a
1105 1620 1198 1656 patre
1224 1618 1366 1658 genitusg

528 1692 558 1723 3.
585 1691 724 1723 Sanctus
751 1695 781 1722 et
807 1691 1077 1730 consempiternus

586 1740 681 1775 Deus,
710 1739 872 1778 utriusque
897 1739 1047 1779 spiritus3

201 1816 232 1845 4.
259 1813 423 1845 Dominus
448 1823 527 1844 unus
553 1818 583 1844 et
610 1815 698 1845 Deus
882 1816 911 1845 6.
941 1815 976 1845 In
1002 1815 1133 1853 perenni
1158 1816 1355 1847 saeculorum

260 1869 291 1890 es
317 1861 495 1899 immensus,
938 1870 1016 1892 aevo
1041 1871 1170 1893 manens
1195 1867 1406 1902 aeternorum,

259 1914 345 1938 sutor
370 1907 456 1939 usiae
482 1908 588 1947 totius,
939 1918 1028 1948 quem
1056 1910 1167 1941 laudat
1191 1914 1372 1942 sanctorum

258 1955 393 1996 Adonai,
421 1954 571 1988 Sabaoth.
938 1956 1051 1988 chorus
1077 1958 1260 1997 angelorum

200 2033 232 2063 5.
259 2029 355 2061 Pleni
379 2031 454 2062 sunt
480 2030 558 2061 caeli
585 2033 611 2062 et
637 2034 722 2062 terra
883 2032 911 2063 7.
938 2031 981 2062 In
1007 2032 1153 2069 excelsi&
1180 2033 1361 2066 benedictus

255 2077 361 2116 yloria
386 2077 631 2117 praemagnifica
938 2079 1036 2120 Deus,
1064 2079 1124 2110 Dei
1149 2079 1244 2118 filius,

257 2126 326 2163 tim,
353 2125 526 2156 Hosmma.
942 2127 996 2165 qui
1019 2127 1152 2157 salutem
1172 2128 1359 2159 redditurus
1377 2128 1497 2160 homini

941 2174 1027 2205 venit
1051 2173 1086 2204 in
1112 2175 1244 2205 nomine
1269 2175 1418 2207 Domini.

525 2248 555 2279 8.
582 2247 756 2289 IIosanna,

581 2294 613 2325 in
639 2296 768 2327 caelesti
794 2296 894 2337 gloria

583 2342 702 2373 caelica

586 2394 699 2420 sonant
723 2394 773 2421 ter
802 2390 976 2431 „Sanctusss
1006 2390 1131 2430 agmina

582 2436 618 2466 in
644 2437 783 2471 excelsis.
