1650 2659
766 154 1022 190 -402—

576 253 607 284 3.
639 251 726 290 Vale,
753 250 842 282 cibus
867 250 1023 291 sanitatis,

633 298 732 330 Sacra
758 307 831 330 caro
858 298 999 337 deitatis,

635 347 732 387 Fons,
758 347 847 386 origo
874 345 1034 387 bonitatis,

633 395 692 434 Qui
719 399 750 425 te
776 393 910 434 praebes
935 392 1026 424 nobis
1051 391 1168 434 gratis;

683 442 748 474 Fac
774 442 824 472 hic
848 450 921 472 vere

684 491 730 522 Te
757 490 866 521 videre

730 537 833 569 Corde
860 540 957 578 casto,
985 543 1128 575 corpore,

682 586 727 618 Ut
753 584 945 615 mundantur

682 632 725 663 Et
750 633 913 663 solvantur

682 680 744 710 Hic
770 685 801 709 et
825 680 909 710 omui
935 682 1088 718 tempore,

635 727 744 765 Daque
771 735 888 758 meram

636 774 746 811 Nobis,
775 783 890 815 veram,

683 822 811 853 Plenam
836 821 1073 860 paenitentiam,

635 869 679 901 Ut
705 869 876 908 gaudemus

634 916 675 947 Et
702 916 852 946 habemus

681 964 710 994 A
737 967 767 993 te
794 963 1034 1002 indulgentiam.

317 1041 396 1065 Orat.
424 1047 474 1064 ms.
506 1037 691 1072 Pollingense
718 1046 792 1064 saec.
824 1036 865 1064 15.
912 1037 983 1063 Clm.
1011 1038 1162 1064 Monacen.
1194 1035 1300 1063 11917.
1324 1053 1356 1055 —
1380 1037 1440 1063 Vor
1462 1036 1545 1070 jeder

239 1078 378 1112 Strophe:
403 1076 527 1110 Agnus
550 1076 614 1101 Dei
636 1080 688 1101 etc.

544 1208 610 1238 462.
651 1209 756 1247 Agnus
780 1209 857 1245 „Ave
880 1217 988 1248 eorpus
1010 1208 1225 1239 Dominicum“.

671 1268 721 1294 De
750 1267 844 1302 Corp
856 1276 915 1294 ore
943 1267 1093 1295 Christi.

258 1352 287 1383 1.
316 1352 394 1387 Ave,
422 1357 536 1387 corpus
560 1348 759 1384 dominicum,
934 1350 965 1381 2.
992 1350 1070 1383 Ave,
1098 1348 1184 1379 salus
1210 1354 1336 1380 nostrae
1360 1350 1437 1389 spei,

316 1398 403 1428 Zima
430 1405 529 1435 purga
556 1396 728 1435 antiquum,
992 1397 1063 1426 Iesu
1088 1395 1223 1434 Christe,
1251 1396 1295 1427 fili
1318 1397 1387 1433 Dei,

316 1444 453 1475 Destrue
478 1442 649 1473 inimicum.
994 1444 1102 1474 Virtus
1129 1451 1203 1474 vera
1229 1443 1330 1474 bonae
1356 1444 1411 1475 rei.

609 1524 640 1555 3.
667 1524 748 1562 Ave,
775 1522 897 1554 fructus
923 1525 1101 1563 memoriae,

665 1570 755 1601 Liuia
781 1571 885 1602 cordis
912 1572 1042 1610 scoriae,

663 1617 729 1647 Nos
754 1618 847 1657 iunge
872 1623 945 1649 tuae
970 1619 1099 1659 gloriae.

321 1698 455 1724 Cantion.
480 1705 531 1722 ms.
553 1695 788 1732 Engelbergense
809 1699 878 1724 anni
901 1695 981 1725 1372.
1022 1698 1091 1725 Cod.
1112 1697 1325 1734 Engelhergen.
1347 1696 1411 1725 314.
1432 1714 1469 1717 —
1489 1700 1551 1726 Vor

241 1735 324 1769 jeder
346 1734 468 1768 §trophe
490 1733 540 1760 der
560 1734 787 1769 entsprechende
808 1735 963 1762 Abschnitt
983 1736 1032 1763 des
1054 1739 1179 1771 Agnus
1207 1737 1273 1762 Dei
1295 1741 1348 1763 etc.

548 1868 614 1898 463.
655 1869 757 1907 Agnus
781 1869 852 1906 „Qui
875 1870 938 1900 suis
960 1879 1026 1901 cum
1050 1871 1241 1911 discipulis“.

687 1929 737 1956 De
765 1930 925 1965 Corpore
955 1931 1104 1958 Christi.

265 2010 295 2042 1.
322 2010 378 2048 Qui
406 2010 468 2040 suis
496 2018 564 2040 cum
592 2009 756 2049 discipulis
943 2014 974 2047 2,
1002 2013 1071 2044 Hoc
1096 2021 1189 2051 posse
1218 2013 1272 2045 dat
1298 2014 1476 2047 hominibus

324 2058 457 2088 Virtutis
484 2066 558 2088 suae
585 2059 717 2088 consciis
1001 2062 1037 2092 ln
1063 2059 1175 2092 ordine
1202 2061 1400 2103 sublimibnS,

325 2105 444 2136 Sedens
471 2104 509 2134 de
534 2114 615 2143 pane
640 2106 765 2136 conficit
999 2108 1088 2147 Quod
1115 2116 1206 2138 nemo
1232 2108 1315 2139 valet
1341 2109 1422 2140 alius

324 2153 466 2191 Seipsum
494 2156 525 2182 et
550 2152 597 2183 his
624 2153 767 2192 porrigit,
1001 2155 1134 2186 Sanctus
1160 2154 1252 2185 homo
1279 2156 1329 2187 vel
1354 2158 1495 2199 angelus,

322 2200 387 2230 lam
414 2199 580 2230 comedens
606 2200 791 2237 comeditur,
1000 2201 1053 2233 Sic
1078 2209 1190 2241 panem
1217 2201 1416 2242 benedicere,

326 2247 418 2278 Foris
443 2255 571 2277 manens
597 2247 783 2287 ingreditur,
1002 2249 1135 2280 Carnem
1161 2248 1281 2281 Christi
1307 2251 1472 2291 conficere,

370 2294 458 2326 Nihil
483 2303 544 2333 quo
568 2294 754 2327 mirabilius
1048 2295 1110 2328 Sed
1136 2295 1221 2327 solus
1246 2301 1351 2336 potest
1370 2300 1553 2341 presbyter,

599 2376 629 2407 3.
656 2375 804 2408 Formam
830 2385 959 2407 servans
984 2376 1167 2417 integriter3

649 2422 744 2454 Unde
769 2423 916 2454 laudetur
942 2424 1101 2463 magister.
