1650 2659
679 113 934 147 —141—

556 216 581 239 c.
610 209 721 249 Hyrie,
748 219 837 241 amor
863 210 979 248 divine,

615 260 645 287 te
671 257 774 297 ipsum
800 257 832 288 in
858 266 915 289 nos
941 258 1095 297 imprime,

612 308 646 335 ut
672 310 803 336 matrem
830 305 989 345 sequendo

614 355 645 383 te
671 352 835 392 possidere
864 352 1039 389 valeamus;

616 399 743 431 eleison.

235 502 346 529 Cantus
376 502 699 537 Romano-Seraphicus
738 504 806 537 imp.
845 503 921 538 apud
953 504 1074 530 Desclfse
1111 501 1181 529 1902
1211 501 1341 535 amm:
1376 501 1467 528 leider

161 540 240 568 ohne
261 540 382 576 Angabe
409 540 460 566 der
481 539 599 576 Quelle,
625 541 670 567 die
692 542 803 568 {ilteren
825 542 948 567 Datums
970 550 1005 568 zu
1029 543 1090 568 sein
1113 541 1233 567 scheint.
1256 554 1291 557 —
1312 538 1364 571 2b‚
1390 540 1398 566 1
1424 549 1466 574 sq.

158 588 218 644 ἑειὶ
229 578 421 644 Γὲὶίἵζῖειὶεζαθ
449 579 576 614 Vorlage
604 580 642 604 ist
671 579 799 606 offenbar
826 579 877 606 der
905 579 1209 614 Katharina-Tropus:
1243 579 1373 612 „Kyrie
1405 577 1466 603 lux

581 728 623 758 77.
668 727 764 767 Kyrie
788 727 826 761 „0
850 727 948 758 Maria
969 727 1051 758 lux“.

656 798 704 824 De
734 798 849 824 Beata
877 797 915 824 M.
945 798 978 822 V.

804 896 833 926 1.

180 980 213 1003 a.
242 970 266 1002 Ο
292 970 407 1011 Maria,
435 970 500 1007 lux,
527 970 679 1001 luminum
863 970 893 1003 b.
921 969 1026 1000 Radix
1054 971 1150 1005 lesse,
1177 968 1247 999 fons
1274 968 1391 1007 veniae,

238 1017 357 1049 Lumen
383 1025 516 1058 precare
542 1017 651 1054 filium,
921 1016 1026 1047 Mater
1053 1015 1300 1049 misericordiae,

283 1065 412 1097 eleison.
968 1064 1096 1094 eleison.

563 1168 590 1190 c.
619 1160 679 1191 Per
705 1164 736 1190 te
762 1159 860 1190 Satan
889 1158 1073 1194 destruitur,

623 1207 665 1238 Et
691 1210 853 1246 peccatum
881 1205 1029 1243 abluitur,

670 1255 799 1285 eleison.

805 1359 835 1390 2.

181 1447 210 1469 a.
237 1437 344 1469 Mater
368 1435 440 1477 Dei,
468 1444 524 1467 nos
550 1435 673 1474 respice
864 1433 894 1464 b.
922 1433 970 1464 Tu
996 1439 1067 1470 spes
1094 1429 1184 1461 firma
1211 1429 1414 1469 credentium,

238 1484 281 1516 Et
304 1493 387 1524 pane
411 1487 521 1515 saneto
545 1481 651 1519 refice,
922 1479 1054 1519 Regina,
1081 1478 1148 1508 laus
1176 1477 1368 1514 caelestium,

284 1532 414 1564 eleison.
971 1527 1100 1558 eleison.

565 1624 591 1647 c.
621 1615 727 1654 Virgo,
753 1618 855 1645 mater
879 1617 909 1645 et
934 1612 1010 1654 filia,

622 1662 725 1694 Aufer
750 1671 768 1693 a
795 1662 884 1693 uobis
909 1661 997 1694 vitia,

669 1711 799 1742 eleison.

809 1816 840 1847 3.

182 1906 212 1929 a.
236 1895 399 1929 Medicina
423 1897 638 1933 peecatorum,
862 1890 893 1921 b.
920 1888 1032 1920 Funde
1059 1894 1170 1927 preces
1196 1885 1237 1916 ad
1265 1883 1371 1923 filium,

239 1944 337 1978 Porta
363 1943 481 1981 clausa,
516 1941 587 1973 fons
612 1940 789 1978 hortorum,
921 1936 970 1967 Ne
995 1935 1101 1966 tradat
1128 1934 1169 1965 ad
1196 1931 1398 1972 supplicium,

285 1991 416 2023 eieison.
963 1983 1093 2014 eleison.

569 2092 595 2115 c.
622 2083 705 2121 Quos
731 2090 825 2112 manu
851 2079 927 2111 feeit
953 2079 1094 2118 propria,

625 2130 690 2162 Sed
717 2129 757 2161 ab
781 2127 866 2159 omni
893 2126 1019 2158 miseria

626 2177 756 2209 Liberet
781 2185 838 2207 sua
863 2174 975 2214 gratia,

674 2225 801 2256 eleison.

245 2336 327 2364 Miss.
343 2331 619 2362 Fontisehraldense
641 2338 710 2365 1mp.
723 2328 849 2355 Parisiis
872 2324 954 2353 1514.
971 2325 1002 2351 A.
1024 2339 1060 2342 —
1080 2323 1163 2349 Miss.
1180 2321 1389 2348 Lemovicense
1410 2319 1478 2352 imp.

182 2371 278 2410 1540}
293 2374 328 2401 A.
349 2387 385 2392 —-
409 2370 458 2403 la.
481 2369 495 2397 1
511 2371 562 2397 lux
573 2369 731 2403 ,virginum
745 2366 778 2393 B.
795 2380 832 2385 -
848 2365 898 2397 Ia,
920 2361 937 2390 2
951 2364 1062 2390 Lumen
1077 2361 1225 2397 praeclare
1240 2359 1382 2386 luminum
1396 2358 1427 2384 Β.
1443 2369 1479 2372 —-

194 2422 221 2449 a,
244 2411 258 2441 1
282 2421 336 2439 nos
356 2411 430 2439 fehlt
449 2409 483 2436 A.
506 2423 540 2427 —
563 2406 615 2438 2a,
637 2405 655 2433 2
675 2414 728 2433 nos
750 2403 834 2431 refice
856 2403 890 2430 A.
