1650 2659
623 114 880 149 —171—

458 253 515 284 112.
546 252 645 293 Kyrie
669 254 765 292 „Deus
787 257 860 286 ante
881 255 1089 294 praeterita&

736 346 766 378 1.

141 437 148 444 .
173 410 270 449 Deus,
295 412 371 442 ante
396 409 570 451 praeterita
797 409 828 444 b.
855 412 953 450 Quem
980 412 1126 443 universa
1153 416 1260 444 creata

175 457 226 497 qui
251 456 418 499 praecellis
444 457 580 497 saecula,
853 462 997 490 metuunt
1022 460 1053 490 in
1081 460 1217 499 saecula,

219 505 320 545 Kyrie
344 504 469 536 eleison.
901 506 1003 547 Kyrie
1027 507 1154 539 eleison.

481 610 508 634 e.
536 600 594 632 Cui
618 600 681 632 iam
707 604 822 632 cuneta
846 600 990 633 subiecta

539 656 665 688 semper
690 653 781 680 erunt
807 648 839 680 in
865 650 1002 688 saecula,

589 695 690 736 Kyrie
715 695 844 729 eleison.

738 793 770 824 2.

138 883 144 890 .
171 856 229 895 Qui
254 857 341 889 caelo
366 857 431 889 alto
456 857 581 897 venisti,
798 857 827 890 b.
853 857 912 897 Qui
938 861 1071 889 mortem
1098 867 1204 889 morsu
1231 858 1340 898 petisti

171 904 327 936 hominem
353 903 527 946 redemisti,
853 906 1003 945 illamque
1028 904 1210 944 perforasti,

218 951 344 984 Christe
369 951 497 984 eleison.
900 953 1028 984 Christe
1053 952 1180 986 eleison.

511 1056 539 1080 e.
565 1046 626 1085 Qui
651 1056 670 1078 a
694 1052 796 1078 morte
821 1048 989 1079 surrexisti

567 1094 780 1134 mundumque
805 1094 960 1133 liberasti,

613 1142 741 1174 Christe
768 1142 895 1175 eleison.

736 1239 768 1270 3.

138 1329 146 1336 .
171 1303 254 1335 Deus
280 1308 380 1345 pater,
410 1312 478 1335 cum
505 1303 570 1335 filio
798 1304 829 1336 b.
855 1305 913 1344 Qui
940 1314 1001 1335 una
1029 1313 1097 1335 cum
1125 1304 1280 1343 paraclito

170 1350 260 1382 nobis
286 1351 423 1383 clemens
448 1351 570 1392 adesto,
856 1352 962 1391 largus
989 1352 1079 1383 nobis
1105 1356 1240 1388 maneto,

216 1399 318 1439 Kyrie
343 1398 473 1431 eleison.
904 1399 1006 1439 Kyrie
1031 1399 1159 1431 eleison.

515 1493 543 1516 c.
569 1484 612 1516 Ut
637 1492 816 1515 mereamur
840 1484 870 1514 in
899 1485 986 1516 caelo

570 1536 624 1563 tuo
650 1530 773 1570 perfrui
799 1532 892 1569 bono,

617 1579 719 1619 Kyrie
744 1579 872 1610 eleison.

178 1673 264 1708 Trop.
285 1682 336 1700 ms.
371 1672 400 1700 S.
422 1673 573 1701 Benedicti
594 1674 749 1700 Mantuani
770 1681 846 1700 saec.
870 1672 913 1700 11.
955 1672 1026 1701 Cod.
1049 1674 1144 1708 Capit.
1165 1673 1308 1700 Veronen.
1331 1673 1412 1700 CVII

110 1709 189 1745 (100)
205 1725 241 1730 —
259 1710 308 1748 lb„
324 1710 336 1738 1
354 1711 426 1744 Que.
440 1725 477 1730 --
494 1710 540 1745 lc,
558 1710 571 1737 l
589 1712 655 1745 Qui.
669 1727 706 1731 —
723 1709 768 1745 lc,
782 1710 800 1738 2
815 1711 831 1737 1.
848 1711 1010 1738 vielleicht:
1027 1720 1140 1746 semper
1154 1715 1228 1742 sunt,
1253 1712 1319 1738 weil
1332 1715 1413 1739 sonst

105 1749 169 1776 eine
190 1749 271 1777 silbe
287 1744 475 1777 Uberschuss.
497 1764 534 1768 —
556 1747 607 1781 21³,
632 1747 645 1775 1
668 1753 768 1776 morte.
791 1763 828 1769 ——
848 1749 977 1776 Melodie
997 1749 1077 1780 fehlt,
1099 1749 1341 1777 wahrscheinlich
1364 1749 1412 1777 die

105 1786 217 1822 gleiche
245 1788 290 1815 fiir
316 1788 374 1815 alle
400 1786 417 1815 9
444 1787 598 1823 Strophen.
629 1802 666 1808 —
696 1788 908 1815 Interessantes
931 1788 1058 1822 Beispiel
1091 1789 1170 1814 eines
1195 1787 1302 1815 relativ
1333 1787 1412 1815 alten

106 1825 218 1861 Tropus
239 1826 292 1853 mit
314 1825 567 1862 durchgefiihrtem
589 1826 672 1854 Reim
696 1827 724 1852 in
743 1826 773 1860 je
793 1824 811 1853 3
833 1825 986 1860 Strophen.

411 1944 477 1988 '113.
508 1956 607 1996 Kyrie
630 1956 811 1993 „Asu-orum
833 1954 1100 1996 emphimerides&

119 2121 148 2148 a.
175 2114 345 2146 Astrorum
807 2112 837 2144 b.
863 2112 922 2151 Qui
949 2113 1079 2152 proprio

175 2161 420 2203 emphimen‘des
447 2160 593 2201 iubilant,
861 2159 983 2200 pugillo
1007 2160 1158 2191 mundum
1185 2160 1338 2201 contines,

175 2209 356 2249 concinunt,
860 2207 971 2239 sedule

174 2266 235 2298 quo
257 2257 386 2290 valeant
410 2255 508 2296 potiri
862 2257 968 2295 grates
992 2255 1130 2295 indignis
1158 2256 1262 2287 vernis

174 2305 293 2338 virtute
318 2303 449 2346 caelica,
861 2301 1026 2344 praebeas,
1053 2306 1209 2343 optamus,

174 2353 256 2386 tueri
284 2357 371 2385 certo
861 2350 1018 2389 promissa
1043 2359 1168 2390 semper

174 2404 319 2442 parente,
344 2399 458 2434 leison.
862 2397 1039 2440 impendas,
1064 2398 1177 2432 leison.
