1650 2659
652 127 913 161 —185—

767 224 800 256 2.

149 299 179 324 a.
205 289 266 321 Per
289 287 499 319 venerabilem
822 290 854 324 b.
882 290 1063 323 confractis
1090 291 1206 324 inferni

202 336 334 368 Mariam
360 344 486 375 semper
510 336 665 376 virginem
883 340 1024 371 vectibus
1051 345 1152 371 tecum
1180 340 1306 371 reducis

204 392 259 416 nos
283 383 446 415 redemisti
883 412 889 418 .
942 412 949 419 .
1001 414 1009 420 .
1061 414 1068 420 .
1122 412 1128 419 .

204 431 339 472 pretioso
366 431 528 470 sanguine.
885 433 1046 466 beatorum
1074 435 1204 467 animas

523 526 548 548 c.
577 518 806 556 Apostolorum
834 516 930 561 [nunc

578 564 706 606 chorus]
735 566 921 605 hymnorum
946 568 1047 607 gloria

576 617 673 652 agunt
699 622 825 653 semper

575 660 634 691 tibi
659 660 727 692 Deo
753 662 886 701 gratias,

765 748 795 780 3.

147 820 174 844 a.
199 811 375 850 Martyrum
400 811 513 843 turbae
820 813 850 847 b.
880 815 955 853 Quis
980 815 1077 845 iuneti
1103 814 1239 854 gaudent

197 867 254 898 per
277 857 417 890 flammas
879 861 1092 893 confessorum

199 910 229 937 et
252 914 310 945 per
333 910 491 938 tormenta
517 907 616 938 multa
879 910 1017 940 ordines.
1045 909 1136 940 simul
1164 918 1270 940 omnes

197 953 303 993 adepti
329 958 400 985 sunt
427 955 577 994 praemia.
879 957 1035 996 gloriosae
1062 956 1209 995 virgines

518 1049 545 1073 c.
572 1041 614 1072 E!
640 1051 696 1072 nos
724 1051 792 1072 cuin
819 1042 897 1081 ipsis

576 1097 634 1128 per
660 1089 858 1120 clementiam

574 1140 659 1167 tuam
681 1137 829 1176 hymnum
858 1146 1017 1176 canamus,

573 1183 748 1215 referamus
774 1185 903 1224 gratias

192 1265 278 1301 Trop.
307 1276 358 1294 ms·
379 1268 620 1295 Beneventanum
643 1277 717 1296 saec.
742 1267 785 1295 11.
826 1269 897 1296 Cod.
919 1270 1014 1304 Capit.
1036 1270 1230 1296 Beueventan.
1253 1266 1297 1294 29-
1320 1283 1347 1285 -
1379 1268 1427 1298 13,

123 1300 136 1329 l
156 1303 293 1339 dignasci.
313 1319 351 1323 —
374 1304 431 1338 la,
453 1304 471 1332 3
491 1308 624 1342 eriperet.
650 1321 683 1326 —
707 1306 753 1339 lc,
779 1307 787 1333 ]
814 1307 881 1339 Qui.
904 1321 939 1325 —
961 1306 1011 1338 2a,
1033 1305 1050 1333 2
1072 1307 1175 1333 Maria.
1202 1320 1231 1324 —
1255 1304 1309 1337 2b,
1335 1305 1347 1332 l
1371 1308 1426 1339 Qui

120 1341 279 1370 confractis.
300 1358 338 1362 ——
358 1341 417 1377 2b,
445 1342 462 1371 2
493 1345 629 1371 reductis.
652 1360 685 1363 ——
708 1344 769 1376 21),
796 1344 813 1371 4
842 1347 965 1372 animae.
990 1360 1021 1363 —
1045 1344 1101 1377 20,
1130 1341 1147 1370 2
1169 1352 1232 1370 cum
1254 1344 1426 1378 hymnorum

120 1378 249 1444 gloriam.
272 1396 306 1400 —
327 1379 379 1413 3a,
397 1381 409 1408 1
432 1383 542 1409 turbas.
564 1398 602 1401 —
622 1382 674 1414 3³,
695 1382 713 1409 4
736 1384 874 1418 adempti.
898 1399 931 1401 —
954 1382 1006 1411 31³,
1031 1382 1043 1409 1
1061 1384 1117 1416 Qui
1133 1384 1245 1408 cunetis
1259 1382 1374 1417 gaudet.
1392 1397 1428 1400 —

142 1425 165 1450 c,
183 1416 199 1444 2
213 1427 254 1454 sq.
270 1428 320 1454 per
334 1422 383 1446 tua
398 1420 592 1448 elementiam.
603 1435 640 1438 —
655 1422 715 1448 Vor
729 1422 776 1448 die
788 1421 933 1456 Strophen
947 1421 1050 1455 gelidi-t
1064 1421 1116 1447 das
1131 1420 1182 1454 Ky
1191 1421 1244 1447 rie
1258 1420 1315 1453 (Ch
1325 1430 1336 1446 r
1346 1422 1352 1446 i
1363 1430 1374 1445 s
1384 1423 1428 1451 te)

120 1455 269 1484 eleison.
290 1472 326 1475 —
346 1458 437 1485 Titel:
462 1460 513 1493 „In
534 1459 606 1486 festo
631 1461 760 1486 omnium
782 1462 975 1486 sanctorum.‘·

559 1591 622 1622 128.
658 1590 756 1629 Kyrie
780 1589 982 1627 „Stelliseri“.

760 1681 790 1713 1.

132 1751 160 1777 a.
186 1742 338 1776 stelliferi
810 1746 838 1777 b.
869 1745 1061 1777 Profitemur

185 1792 332 1824 conditor
356 1792 453 1834 orbis,
869 1797 900 1824 te
924 1802 988 1833 ore,
1017 1794 1112 1825 corde

186 1838 324 1879 digneris
349 1842 450 1872 nostri
867 1841 1095 1879 indesinenter,

185 1886 319 1926 eleisum
345 1889 448 1929 Kyrie
473 1888 600 1921 eleison.
868 1889 1004 1927 eleison3
1033 1888 1136 1929 Kyrie
1161 1886 1288 1918 eleison.

513 1983 539 2007 c.
566 1974 789 2013 Praeteritum,

566 2022 700 2062 quodvis
725 2021 865 2054 futurum

567 2078 636 2101 esse
661 2070 714 2109 qui
740 2070 855 2110 cernis,

565 2117 703 2156 eleison3
730 2118 836 2158 Kyrie
861 2117 992 2159 eleison.

751 2204 783 2237 2.

126 2275 155 2301 a.
181 2267 351 2301 Servorum
377 2278 489 2309 preces
807 2269 838 2304 b.
866 2270 971 2302 Patris
998 2270 1039 2302 ad
1066 2270 1211 2301 dextram

178 2316 294 2349 exaudi
320 2317 478 2357 oiemens;
866 2318 1022 2355 residens,
1050 2321 1163 2349 cuncta

179 2372 378 2407 quaesumus,
404 2365 506 2397 nostri
865 2365 1054 2406 gubernans,
1081 2365 1181 2397 nostri

177 2411 314 2453 eleison3
343 2412 472 2446 Christe
496 2413 624 2448 eleison.
865 2413 1001 2455 eleison3
1030 2413 1159 2446 Christe
1183 2411 1310 2444 eleison.
