<?xml version="1.0" encoding="UTF-8"?>
<!DOCTYPE html PUBLIC "-//W3C//DTD XHTML 1.0 Transitional//EN"
    "http://www.w3.org/TR/xhtml1/DTD/xhtml1-transitional.dtd">
<html xmlns="http://www.w3.org/1999/xhtml" xml:lang="en" lang="en">
 <head>
  <title>
</title>
<meta http-equiv="Content-Type" content="text/html;charset=utf-8" />
  <meta name='ocr-system' content='tesseract 3.04.00' />
  <meta name='ocr-capabilities' content='ocr_page ocr_carea ocr_par ocr_line ocrx_word'/>
</head>
<body>
  <div class='ocr_page' id='page_1' title='image "./analectahymnica47drevuoft_0364.png"; bbox 0 0 1650 2659; ppageno 0'>
   <div class='ocr_carea' id='block_1_1' title="bbox 711 132 967 167">
    <p class='ocr_par' dir='ltr' id='par_1_1' title="bbox 711 132 967 167">
     <span class='ocr_line' id='line_1_1' title="bbox 711 132 967 167; baseline 0 0"><span class='ocrx_word' id='word_1_1' title='bbox 711 132 967 167; x_wconf 40' lang='lat'><strong>³363-—</strong></span> 
     </span>
    </p>
   </div>
   <div class='ocr_carea' id='block_1_2' title="bbox 195 227 1364 319">
    <p class='ocr_par' dir='ltr' id='par_1_2' title="bbox 195 227 1364 319">
     <span class='ocr_line' id='line_1_2' title="bbox 195 227 1364 263; baseline -0.002 -1"><span class='ocrx_word' id='word_1_2' title='bbox 195 231 256 262; x_wconf 86' lang='lat' dir='ltr'>5a.</span> <span class='ocrx_word' id='word_1_3' title='bbox 285 230 371 261; x_wconf 86' lang='lat' dir='ltr'>Haec</span> <span class='ocrx_word' id='word_1_4' title='bbox 396 238 433 262; x_wconf 90' lang='lat' dir='ltr'>eo</span> <span class='ocrx_word' id='word_1_5' title='bbox 457 230 660 262; x_wconf 88' lang='lat' dir='ltr'>tendentibus</span> <span class='ocrx_word' id='word_1_6' title='bbox 879 228 941 263; x_wconf 85' lang='lat' dir='ltr'>5b.</span> <span class='ocrx_word' id='word_1_7' title='bbox 970 228 1062 260; x_wconf 86' lang='lat' dir='ltr'>Unde</span> <span class='ocrx_word' id='word_1_8' title='bbox 1087 227 1202 259; x_wconf 86' lang='lat' dir='ltr'>chorus</span> <span class='ocrx_word' id='word_1_9' title='bbox 1227 228 1364 260; x_wconf 87' lang='lat' dir='ltr'>iubilans</span> 
     </span>
     <span class='ocr_line' id='line_1_3' title="bbox 284 274 1326 319; baseline -0.001 -12"><span class='ocrx_word' id='word_1_10' title='bbox 284 282 332 308; x_wconf 77' lang='lat' dir='ltr'>est</span> <span class='ocrx_word' id='word_1_11' title='bbox 356 277 455 309; x_wconf 82' lang='lat' dir='ltr'>vitale</span> <span class='ocrx_word' id='word_1_12' title='bbox 479 286 613 319; x_wconf 79' lang='lat' dir='ltr'>manna3</span> <span class='ocrx_word' id='word_1_13' title='bbox 966 276 1128 307; x_wconf 76' lang='lat' dir='ltr'>concinat:</span> <span class='ocrx_word' id='word_1_14' title='bbox 1160 274 1326 307; x_wconf 77' lang='lat' dir='ltr'>Hosarma</span> 
     </span>
    </p>
   </div>
   <div class='ocr_carea' id='block_1_3' title="bbox 638 360 904 394">
    <p class='ocr_par' dir='ltr' id='par_1_3' title="bbox 638 360 904 394">
     <span class='ocr_line' id='line_1_4' title="bbox 638 360 904 394; baseline 0 0"><span class='ocrx_word' id='word_1_15' title='bbox 638 363 670 394; x_wconf 87' lang='grc'>6.</span> <span class='ocrx_word' id='word_1_16' title='bbox 695 361 739 392; x_wconf 78' lang='lat' dir='ltr'>In</span> <span class='ocrx_word' id='word_1_17' title='bbox 765 360 904 394; x_wconf 75' lang='lat' dir='ltr'>excelsis.</span> 
     </span>
    </p>
   </div>
   <div class='ocr_carea' id='block_1_4' title="bbox 186 444 1497 517">
    <p class='ocr_par' dir='ltr' id='par_1_4' title="bbox 186 444 1497 517">
     <span class='ocr_line' id='line_1_5' title="bbox 260 444 1497 475; baseline 0 -3"><span class='ocrx_word' id='word_1_18' title='bbox 260 445 341 472; x_wconf 83' lang='lat' dir='ltr'>Miss.</span> <span class='ocrx_word' id='word_1_19' title='bbox 364 453 416 472; x_wconf 88' lang='lat' dir='ltr'>ms.</span> <span class='ocrx_word' id='word_1_20' title='bbox 438 445 658 472; x_wconf 78' lang='lat' dir='ltr'>Sarisburiense</span> <span class='ocrx_word' id='word_1_21' title='bbox 677 444 905 475; x_wconf 77' lang='lat' dir='ltr'>(?L0ndinense)</span> <span class='ocrx_word' id='word_1_22' title='bbox 926 452 1000 471; x_wconf 77' lang='lat' dir='ltr'>saec.</span> <span class='ocrx_word' id='word_1_23' title='bbox 1023 444 1065 472; x_wconf 83' lang='lat'>13.</span> <span class='ocrx_word' id='word_1_24' title='bbox 1087 454 1129 471; x_wconf 83' lang='lat' dir='ltr'>ex.</span> <span class='ocrx_word' id='word_1_25' title='bbox 1166 445 1233 472; x_wconf 89' lang='lat' dir='ltr'>Cod.</span> <span class='ocrx_word' id='word_1_26' title='bbox 1251 445 1497 472; x_wconf 62' lang='lat' dir='ltr'>1¹211·isi11.Arse11.</span> 
     </span>
     <span class='ocr_line' id='line_1_6' title="bbox 186 480 1119 517; baseline -0.001 -7"><span class='ocrx_word' id='word_1_27' title='bbox 186 480 249 510; x_wconf 84' lang='lat'>135.</span> <span class='ocrx_word' id='word_1_28' title='bbox 275 497 307 502; x_wconf 95' lang='lat'>—</span> <span class='ocrx_word' id='word_1_29' title='bbox 327 482 454 510; x_wconf 77' lang='lat' dir='ltr'>Melodie</span> <span class='ocrx_word' id='word_1_30' title='bbox 470 484 538 509; x_wconf 85' lang='lat' dir='ltr'>wie:</span> <span class='ocrx_word' id='word_1_31' title='bbox 562 483 710 509; x_wconf 87' lang='lat' dir='ltr'>Mariam</span> <span class='ocrx_word' id='word_1_32' title='bbox 733 486 938 517; x_wconf 79' lang='lat' dir='ltr'>concrepet</span> <span class='ocrx_word' id='word_1_33' title='bbox 963 481 1023 513; x_wconf 66' lang='grc' dir='ltr'>(ΝΥ.</span> <span class='ocrx_word' id='word_1_34' title='bbox 1045 481 1119 515; x_wconf 73' lang='grc'>371).</span> 
     </span>
    </p>
   </div>
   <div class='ocr_carea' id='block_1_5' title="bbox 524 630 1154 728">
    <p class='ocr_par' dir='ltr' id='par_1_5' title="bbox 524 630 1154 728">
     <span class='ocr_line' id='line_1_7' title="bbox 524 630 1154 671; baseline 0.005 -11"><span class='ocrx_word' id='word_1_35' title='bbox 524 631 583 661; x_wconf 82' lang='grc'>371.</span> <span class='ocrx_word' id='word_1_36' title='bbox 625 630 768 662; x_wconf 79' lang='lat' dir='ltr'>flosanna</span> <span class='ocrx_word' id='word_1_37' title='bbox 791 630 939 667; x_wconf 80' lang='lat' dir='ltr'>„Mariam</span> <span class='ocrx_word' id='word_1_38' title='bbox 961 633 1154 671; x_wconf 78' lang='lat' dir='ltr'>concrepet“.</span> 
     </span>
     <span class='ocr_line' id='line_1_8' title="bbox 637 701 1036 728; baseline 0 0"><span class='ocrx_word' id='word_1_39' title='bbox 637 701 686 728; x_wconf 89' lang='lat' dir='ltr'>De</span> <span class='ocrx_word' id='word_1_40' title='bbox 714 702 830 728; x_wconf 84' lang='lat' dir='ltr'>Beata</span> <span class='ocrx_word' id='word_1_41' title='bbox 857 701 978 728; x_wconf 80' lang='lat' dir='ltr'>Maria</span> <span class='ocrx_word' id='word_1_42' title='bbox 1002 701 1036 727; x_wconf 93' lang='lat' dir='ltr'>V.</span> 
     </span>
    </p>
   </div>
   <div class='ocr_carea' id='block_1_6' title="bbox 191 797 1353 1416">
    <p class='ocr_par' dir='ltr' id='par_1_6' title="bbox 201 797 1274 886">
     <span class='ocr_line' id='line_1_9' title="bbox 201 797 1274 837; baseline 0 -7"><span class='ocrx_word' id='word_1_43' title='bbox 201 798 258 830; x_wconf 84' lang='lat' dir='ltr'>1a.</span> <span class='ocrx_word' id='word_1_44' title='bbox 286 797 421 829; x_wconf 84' lang='lat' dir='ltr'>Mariam</span> <span class='ocrx_word' id='word_1_45' title='bbox 447 802 616 837; x_wconf 85' lang='lat' dir='ltr'>concrepet</span> <span class='ocrx_word' id='word_1_46' title='bbox 880 798 938 830; x_wconf 90' lang='lat' dir='ltr'>1b.</span> <span class='ocrx_word' id='word_1_47' title='bbox 966 798 1051 836; x_wconf 79' lang='lat' dir='ltr'>Quae</span> <span class='ocrx_word' id='word_1_48' title='bbox 1078 798 1157 829; x_wconf 89' lang='lat' dir='ltr'>lueis</span> <span class='ocrx_word' id='word_1_49' title='bbox 1184 798 1274 830; x_wconf 88' lang='lat' dir='ltr'>radio</span> 
     </span>
     <span class='ocr_line' id='line_1_10' title="bbox 281 845 1259 886; baseline 0.001 -11"><span class='ocrx_word' id='word_1_50' title='bbox 281 853 390 877; x_wconf 90' lang='lat' dir='ltr'>vocum</span> <span class='ocrx_word' id='word_1_51' title='bbox 419 845 599 886; x_wconf 85' lang='lat' dir='ltr'>concordia,</span> <span class='ocrx_word' id='word_1_52' title='bbox 965 845 1119 885; x_wconf 80' lang='lat' dir='ltr'>respersit</span> <span class='ocrx_word' id='word_1_53' title='bbox 1144 846 1259 886; x_wconf 80' lang='lat' dir='ltr'>omnia,</span> 
     </span>
    </p>

    <p class='ocr_par' dir='ltr' id='par_1_7' title="bbox 192 930 1275 1021">
     <span class='ocr_line' id='line_1_11' title="bbox 192 930 1275 971; baseline -0.001 -8"><span class='ocrx_word' id='word_1_54' title='bbox 192 931 253 963; x_wconf 77' lang='lat' dir='ltr'>2a.</span> <span class='ocrx_word' id='word_1_55' title='bbox 280 930 363 963; x_wconf 90' lang='lat' dir='ltr'>Dum</span> <span class='ocrx_word' id='word_1_56' title='bbox 390 930 549 962; x_wconf 84' lang='lat' dir='ltr'>Christum</span> <span class='ocrx_word' id='word_1_57' title='bbox 576 931 701 971; x_wconf 82' lang='lat' dir='ltr'>peperit</span> <span class='ocrx_word' id='word_1_58' title='bbox 875 931 936 965; x_wconf 82' lang='lat' dir='ltr'>2b.</span> <span class='ocrx_word' id='word_1_59' title='bbox 965 931 1003 962; x_wconf 82' lang='lat' dir='ltr'>Vi</span> <span class='ocrx_word' id='word_1_60' title='bbox 1028 934 1114 963; x_wconf 84' lang='lat' dir='ltr'>tacta</span> <span class='ocrx_word' id='word_1_61' title='bbox 1139 931 1275 962; x_wconf 78' lang='lat' dir='ltr'>numinis</span> 
     </span>
     <span class='ocr_line' id='line_1_12' title="bbox 280 978 1233 1021; baseline 0 -11"><span class='ocrx_word' id='word_1_62' title='bbox 280 979 404 1018; x_wconf 84' lang='lat' dir='ltr'>repleta</span> <span class='ocrx_word' id='word_1_63' title='bbox 428 979 540 1021; x_wconf 83' lang='lat' dir='ltr'>gratia,</span> <span class='ocrx_word' id='word_1_64' title='bbox 966 982 1052 1010; x_wconf 84' lang='lat' dir='ltr'>veste</span> <span class='ocrx_word' id='word_1_65' title='bbox 1077 978 1134 1009; x_wconf 88' lang='lat' dir='ltr'>sub</span> <span class='ocrx_word' id='word_1_66' title='bbox 1160 978 1233 1010; x_wconf 82' lang='lat' dir='ltr'>alia.</span> 
     </span>
    </p>

    <p class='ocr_par' dir='ltr' id='par_1_8' title="bbox 194 1063 1274 1151">
     <span class='ocr_line' id='line_1_13' title="bbox 194 1063 1274 1104; baseline -0.003 -8"><span class='ocrx_word' id='word_1_67' title='bbox 194 1064 254 1098; x_wconf 71' lang='lat'>32.</span> <span class='ocrx_word' id='word_1_68' title='bbox 281 1063 360 1095; x_wconf 89' lang='lat' dir='ltr'>Sunt</span> <span class='ocrx_word' id='word_1_69' title='bbox 384 1063 464 1103; x_wconf 82' lang='lat' dir='ltr'>legis</span> <span class='ocrx_word' id='word_1_70' title='bbox 491 1064 608 1095; x_wconf 84' lang='lat' dir='ltr'>veteris</span> <span class='ocrx_word' id='word_1_71' title='bbox 879 1063 937 1096; x_wconf 86' lang='lat' dir='ltr'>3b.</span> <span class='ocrx_word' id='word_1_72' title='bbox 965 1063 1036 1094; x_wconf 86' lang='lat' dir='ltr'>Non</span> <span class='ocrx_word' id='word_1_73' title='bbox 1062 1063 1128 1104; x_wconf 84' lang='lat' dir='ltr'>igni</span> <span class='ocrx_word' id='word_1_74' title='bbox 1154 1063 1274 1095; x_wconf 83' lang='lat' dir='ltr'>tradita</span> 
     </span>
     <span class='ocr_line' id='line_1_14' title="bbox 277 1110 1247 1151; baseline -0.001 -9"><span class='ocrx_word' id='word_1_75' title='bbox 277 1111 372 1151; x_wconf 82' lang='lat' dir='ltr'>plena</span> <span class='ocrx_word' id='word_1_76' title='bbox 397 1110 567 1151; x_wconf 85' lang='lat' dir='ltr'>mysteria:</span> <span class='ocrx_word' id='word_1_77' title='bbox 963 1110 1034 1142; x_wconf 90' lang='lat' dir='ltr'>rubi</span> <span class='ocrx_word' id='word_1_78' title='bbox 1060 1110 1247 1151; x_wconf 83' lang='lat' dir='ltr'>substantia,</span> 
     </span>
    </p>

    <p class='ocr_par' dir='ltr' id='par_1_9' title="bbox 193 1194 1316 1285">
     <span class='ocr_line' id='line_1_15' title="bbox 193 1194 1284 1237; baseline -0.001 -8"><span class='ocrx_word' id='word_1_79' title='bbox 193 1198 251 1230; x_wconf 87' lang='lat' dir='ltr'>4a.</span> <span class='ocrx_word' id='word_1_80' title='bbox 278 1195 365 1229; x_wconf 85' lang='lat' dir='ltr'>Dans</span> <span class='ocrx_word' id='word_1_81' title='bbox 391 1194 500 1228; x_wconf 89' lang='lat' dir='ltr'>florem</span> <span class='ocrx_word' id='word_1_82' title='bbox 526 1196 650 1237; x_wconf 83' lang='lat' dir='ltr'>virgula</span> <span class='ocrx_word' id='word_1_83' title='bbox 876 1197 937 1230; x_wconf 77' lang='lat' dir='ltr'>4b.</span> <span class='ocrx_word' id='word_1_84' title='bbox 966 1195 1083 1236; x_wconf 82' lang='lat' dir='ltr'>Stirpis</span> <span class='ocrx_word' id='word_1_85' title='bbox 1109 1196 1284 1228; x_wconf 85' lang='lat' dir='ltr'>Davidicae</span> 
     </span>
     <span class='ocr_line' id='line_1_16' title="bbox 276 1243 1316 1285; baseline 0 -9"><span class='ocrx_word' id='word_1_86' title='bbox 276 1248 408 1276; x_wconf 83' lang='lat' dir='ltr'>naturae</span> <span class='ocrx_word' id='word_1_87' title='bbox 434 1243 541 1276; x_wconf 85' lang='lat' dir='ltr'>nescia</span> <span class='ocrx_word' id='word_1_88' title='bbox 961 1248 1034 1275; x_wconf 83' lang='lat' dir='ltr'>sunt</span> <span class='ocrx_word' id='word_1_89' title='bbox 1058 1244 1149 1284; x_wconf 83' lang='lat' dir='ltr'>signa</span> <span class='ocrx_word' id='word_1_90' title='bbox 1174 1245 1316 1285; x_wconf 84' lang='lat' dir='ltr'>propria.</span> 
     </span>
    </p>

    <p class='ocr_par' dir='ltr' id='par_1_10' title="bbox 191 1328 1353 1416">
     <span class='ocr_line' id='line_1_17' title="bbox 191 1328 1353 1369; baseline -0.003 -7"><span class='ocrx_word' id='word_1_91' title='bbox 191 1332 250 1362; x_wconf 69' lang='lat'>52.</span> <span class='ocrx_word' id='word_1_92' title='bbox 275 1330 374 1369; x_wconf 87' lang='lat' dir='ltr'><strong>Quam</strong></span> <span class='ocrx_word' id='word_1_93' title='bbox 402 1329 572 1362; x_wconf 80' lang='lat' dir='ltr'>donantem</span> <span class='ocrx_word' id='word_1_94' title='bbox 599 1330 724 1362; x_wconf 85' lang='lat' dir='ltr'>saeculo</span> <span class='ocrx_word' id='word_1_95' title='bbox 876 1329 937 1361; x_wconf 84' lang='lat' dir='ltr'>5b.</span> <span class='ocrx_word' id='word_1_96' title='bbox 966 1328 1206 1369; x_wconf 82' lang='lat' dir='ltr'>Congaudemus</span> <span class='ocrx_word' id='word_1_97' title='bbox 1232 1329 1353 1368; x_wconf 84' lang='lat' dir='ltr'>pariter</span> 
     </span>
     <span class='ocr_line' id='line_1_18' title="bbox 276 1377 1296 1416; baseline -0.003 -7"><span class='ocrx_word' id='word_1_98' title='bbox 276 1377 421 1416; x_wconf 81' lang='lat' dir='ltr'>spiritale</span> <span class='ocrx_word' id='word_1_99' title='bbox 446 1386 562 1409; x_wconf 84' lang='lat' dir='ltr'>manna</span> <span class='ocrx_word' id='word_1_100' title='bbox 964 1377 1106 1408; x_wconf 84' lang='lat' dir='ltr'>dicentes</span> <span class='ocrx_word' id='word_1_101' title='bbox 1133 1377 1296 1408; x_wconf 74' lang='lat' dir='ltr'>Hosamza</span> 
     </span>
    </p>
   </div>
   <div class='ocr_carea' id='block_1_7' title="bbox 258 1462 1495 1581">
    <p class='ocr_par' dir='ltr' id='par_1_11' title="bbox 258 1462 1495 1581">
     <span class='ocr_line' id='line_1_19' title="bbox 637 1462 902 1495; baseline 0.004 -2"><span class='ocrx_word' id='word_1_102' title='bbox 637 1462 669 1494; x_wconf 92' lang='lat'>6.</span> <span class='ocrx_word' id='word_1_103' title='bbox 697 1462 739 1493; x_wconf 80' lang='lat' dir='ltr'>In</span> <span class='ocrx_word' id='word_1_104' title='bbox 765 1462 902 1495; x_wconf 72' lang='lat' dir='ltr'>excelsis.</span> 
     </span>
     <span class='ocr_line' id='line_1_20' title="bbox 258 1545 1495 1581; baseline -0.002 -6"><span class='ocrx_word' id='word_1_105' title='bbox 258 1545 340 1575; x_wconf 83' lang='lat' dir='ltr'>Miss.</span> <span class='ocrx_word' id='word_1_106' title='bbox 361 1557 412 1575; x_wconf 84' lang='lat' dir='ltr'>ms.</span> <span class='ocrx_word' id='word_1_107' title='bbox 436 1547 655 1575; x_wconf 82' lang='lat' dir='ltr'>Sarisburiense</span> <span class='ocrx_word' id='word_1_108' title='bbox 675 1546 699 1581; x_wconf 75' lang='lat'>(‘?</span> <span class='ocrx_word' id='word_1_109' title='bbox 708 1547 906 1579; x_wconf 86' lang='lat' dir='ltr'>Londinense)</span> <span class='ocrx_word' id='word_1_110' title='bbox 926 1555 1000 1574; x_wconf 85' lang='lat' dir='ltr'>saec.</span> <span class='ocrx_word' id='word_1_111' title='bbox 1027 1546 1067 1574; x_wconf 88' lang='lat'>13.</span> <span class='ocrx_word' id='word_1_112' title='bbox 1091 1556 1134 1573; x_wconf 82' lang='lat' dir='ltr'>ex.</span> <span class='ocrx_word' id='word_1_113' title='bbox 1167 1546 1236 1574; x_wconf 79' lang='lat' dir='ltr'>Cod.</span> <span class='ocrx_word' id='word_1_114' title='bbox 1252 1546 1377 1573; x_wconf 83' lang='lat' dir='ltr'>Parisin.</span> <span class='ocrx_word' id='word_1_115' title='bbox 1395 1547 1495 1573; x_wconf 70' lang='lat' dir='ltr'>Arsen.</span> 
     </span>
    </p>
   </div>
   <div class='ocr_carea' id='block_1_8' title="bbox 182 1584 1496 1657">
    <p class='ocr_par' dir='ltr' id='par_1_12' title="bbox 182 1584 1496 1657">
     <span class='ocr_line' id='line_1_21' title="bbox 184 1584 1496 1618; baseline -0.001 -6"><span class='ocrx_word' id='word_1_116' title='bbox 184 1584 245 1613; x_wconf 85' lang='lat'>135.</span> <span class='ocrx_word' id='word_1_117' title='bbox 265 1600 302 1605; x_wconf 90' lang='lat'>--</span> <span class='ocrx_word' id='word_1_118' title='bbox 327 1585 376 1618; x_wconf 87' lang='lat' dir='ltr'>lb,</span> <span class='ocrx_word' id='word_1_119' title='bbox 407 1584 418 1612; x_wconf 96' lang='lat'>1</span> <span class='ocrx_word' id='word_1_120' title='bbox 442 1586 504 1613; x_wconf 86' lang='lat' dir='ltr'>Tue</span> <span class='ocrx_word' id='word_1_121' title='bbox 525 1585 608 1612; x_wconf 79' lang='lat' dir='ltr'>lucis.</span> <span class='ocrx_word' id='word_1_122' title='bbox 629 1600 665 1604; x_wconf 95' lang='lat'>—</span> <span class='ocrx_word' id='word_1_123' title='bbox 687 1584 737 1616; x_wconf 63' lang='lat'>21).</span> <span class='ocrx_word' id='word_1_124' title='bbox 765 1584 778 1611; x_wconf 93' lang='grc'><strong>1</strong></span> <span class='ocrx_word' id='word_1_125' title='bbox 801 1585 833 1612; x_wconf 89' lang='lat' dir='ltr'>Si</span> <span class='ocrx_word' id='word_1_126' title='bbox 854 1588 940 1618; x_wconf 81' lang='lat' dir='ltr'>tacta,</span> <span class='ocrx_word' id='word_1_127' title='bbox 962 1599 997 1604; x_wconf 79' lang='lat'>—</span> <span class='ocrx_word' id='word_1_128' title='bbox 1019 1584 1071 1617; x_wconf 85' lang='lat' dir='ltr'>5a,</span> <span class='ocrx_word' id='word_1_129' title='bbox 1095 1584 1107 1611; x_wconf 91' lang='lat'>1</span> <span class='ocrx_word' id='word_1_130' title='bbox 1130 1588 1287 1612; x_wconf 79' lang='lat' dir='ltr'>tonantem.</span> <span class='ocrx_word' id='word_1_131' title='bbox 1312 1599 1348 1602; x_wconf 74' lang='lat'><strong>—</strong></span> <span class='ocrx_word' id='word_1_132' title='bbox 1368 1584 1496 1612; x_wconf 81' lang='lat' dir='ltr'>Melodie</span> 
     </span>
     <span class='ocr_line' id='line_1_22' title="bbox 182 1621 776 1657; baseline 0 -7"><span class='ocrx_word' id='word_1_133' title='bbox 182 1625 250 1652; x_wconf 87' lang='lat' dir='ltr'>wie:</span> <span class='ocrx_word' id='word_1_134' title='bbox 272 1625 368 1651; x_wconf 87' lang='lat' dir='ltr'>Voce</span> <span class='ocrx_word' id='word_1_135' title='bbox 396 1623 596 1652; x_wconf 77' lang='lat' dir='ltr'>dulcisona</span> <span class='ocrx_word' id='word_1_136' title='bbox 620 1624 682 1657; x_wconf 82' lang='lat' dir='ltr'>(Nr.</span> <span class='ocrx_word' id='word_1_137' title='bbox 703 1621 776 1657; x_wconf 80' lang='lat'><strong>370).</strong></span> 
     </span>
    </p>
   </div>
   <div class='ocr_carea' id='block_1_9' title="bbox 537 1753 1128 1851">
    <p class='ocr_par' dir='ltr' id='par_1_13' title="bbox 537 1753 1128 1851">
     <span class='ocr_line' id='line_1_23' title="bbox 537 1753 1128 1794; baseline -0.002 -9"><span class='ocrx_word' id='word_1_138' title='bbox 537 1754 602 1786; x_wconf 75' lang='lat'><strong><em>372.</em></strong></span> <span class='ocrx_word' id='word_1_139' title='bbox 644 1754 786 1785; x_wconf 81' lang='lat' dir='ltr'>flosanna</span> <span class='ocrx_word' id='word_1_140' title='bbox 809 1753 977 1794; x_wconf 79' lang='lat' dir='ltr'>„splendor</span> <span class='ocrx_word' id='word_1_141' title='bbox 997 1754 1128 1793; x_wconf 82' lang='lat' dir='ltr'>patris“.</span> 
     </span>
     <span class='ocr_line' id='line_1_24' title="bbox 641 1822 1036 1851; baseline 0 0"><span class='ocrx_word' id='word_1_142' title='bbox 641 1824 691 1851; x_wconf 86' lang='lat' dir='ltr'>De</span> <span class='ocrx_word' id='word_1_143' title='bbox 717 1822 833 1851; x_wconf 84' lang='lat' dir='ltr'>Beata</span> <span class='ocrx_word' id='word_1_144' title='bbox 860 1823 981 1851; x_wconf 86' lang='lat' dir='ltr'>Maria</span> <span class='ocrx_word' id='word_1_145' title='bbox 1002 1824 1036 1851; x_wconf 91' lang='lat' dir='ltr'>V.</span> 
     </span>
    </p>
   </div>
   <div class='ocr_carea' id='block_1_10' title="bbox 689 1921 921 1959">
    <p class='ocr_par' dir='ltr' id='par_1_14' title="bbox 689 1921 921 1959">
     <span class='ocr_line' id='line_1_25' title="bbox 689 1921 921 1959; baseline -0.009 -7"><span class='ocrx_word' id='word_1_146' title='bbox 689 1922 719 1953; x_wconf 90' lang='lat'>1.</span> <span class='ocrx_word' id='word_1_147' title='bbox 746 1921 921 1959; x_wconf 73' lang='lat' dir='ltr'>Hosamza,</span> 
     </span>
    </p>
   </div>
   <div class='ocr_carea' id='block_1_11' title="bbox 188 1990 1409 2403">
    <p class='ocr_par' dir='ltr' id='par_1_15' title="bbox 188 1990 1409 2403">
     <span class='ocr_line' id='line_1_26' title="bbox 189 1990 1208 2048; baseline -0.002 -8"><span class='ocrx_word' id='word_1_148' title='bbox 189 1990 251 2042; x_wconf 34' lang='lat' dir='ltr'>2a&#39;.</span> <span class='ocrx_word' id='word_1_149' title='bbox 280 2008 442 2048; x_wconf 86' lang='lat' dir='ltr'>Splendor</span> <span class='ocrx_word' id='word_1_150' title='bbox 467 2007 580 2047; x_wconf 79' lang='lat' dir='ltr'>patris,</span> <span class='ocrx_word' id='word_1_151' title='bbox 875 2005 937 2037; x_wconf 83' lang='lat' dir='ltr'>2b.</span> <span class='ocrx_word' id='word_1_152' title='bbox 965 2005 1034 2037; x_wconf 88' lang='lat' dir='ltr'>Duc</span> <span class='ocrx_word' id='word_1_153' title='bbox 1056 2005 1096 2038; x_wconf 81' lang='lat' dir='ltr'>ad</span> <span class='ocrx_word' id='word_1_154' title='bbox 1124 2006 1208 2038; x_wconf 84' lang='lat' dir='ltr'>laeta</span> 
     </span>
     <span class='ocr_line' id='line_1_27' title="bbox 277 2051 1149 2088; baseline -0.002 -1"><span class='ocrx_word' id='word_1_155' title='bbox 277 2057 365 2088; x_wconf 73' lang='lat' dir='ltr'>Tuae</span> <span class='ocrx_word' id='word_1_156' title='bbox 389 2055 502 2086; x_wconf 71' lang='lat' dir='ltr'>matris</span> <span class='ocrx_word' id='word_1_157' title='bbox 963 2051 1038 2084; x_wconf 86' lang='lat' dir='ltr'>Sine</span> <span class='ocrx_word' id='word_1_158' title='bbox 1062 2056 1149 2085; x_wconf 78' lang='lat' dir='ltr'>meta</span> 
     </span>
     <span class='ocr_line' id='line_1_28' title="bbox 324 2100 1409 2141; baseline -0.003 -6"><span class='ocrx_word' id='word_1_159' title='bbox 324 2102 509 2135; x_wconf 84' lang='lat' dir='ltr'>Gaudentes</span> <span class='ocrx_word' id='word_1_160' title='bbox 536 2101 576 2132; x_wconf 90' lang='lat' dir='ltr'>de</span> <span class='ocrx_word' id='word_1_161' title='bbox 600 2100 702 2141; x_wconf 83' lang='lat' dir='ltr'>gloria</span> <span class='ocrx_word' id='word_1_162' title='bbox 1012 2101 1087 2132; x_wconf 86' lang='lat' dir='ltr'>Post</span> <span class='ocrx_word' id='word_1_163' title='bbox 1112 2101 1191 2132; x_wconf 86' lang='lat' dir='ltr'>haec</span> <span class='ocrx_word' id='word_1_164' title='bbox 1216 2101 1409 2132; x_wconf 77' lang='lat' dir='ltr'>transitoria.</span> 
     </span>
     <span class='ocr_line' id='line_1_29' title="bbox 190 2185 1402 2228; baseline -0.004 -7"><span class='ocrx_word' id='word_1_165' title='bbox 190 2190 250 2223; x_wconf 70' lang='lat'>32.</span> <span class='ocrx_word' id='word_1_166' title='bbox 277 2187 385 2227; x_wconf 76' lang='lat' dir='ltr'>Moysi</span> <span class='ocrx_word' id='word_1_167' title='bbox 411 2186 519 2228; x_wconf 86' lang='lat' dir='ltr'>rubus,</span> <span class='ocrx_word' id='word_1_168' title='bbox 545 2185 706 2218; x_wconf 88' lang='lat' dir='ltr'>Gedeonis</span> <span class='ocrx_word' id='word_1_169' title='bbox 875 2185 939 2218; x_wconf 89' lang='lat' dir='ltr'>3b.</span> <span class='ocrx_word' id='word_1_170' title='bbox 964 2185 1073 2217; x_wconf 89' lang='lat' dir='ltr'>Aaron</span> <span class='ocrx_word' id='word_1_171' title='bbox 1100 2185 1198 2226; x_wconf 86' lang='lat' dir='ltr'>virga,</span> <span class='ocrx_word' id='word_1_172' title='bbox 1226 2185 1402 2218; x_wconf 87' lang='lat' dir='ltr'>Salomonis</span> 
     </span>
     <span class='ocr_line' id='line_1_30' title="bbox 326 2232 1393 2273; baseline 0 -9"><span class='ocrx_word' id='word_1_173' title='bbox 326 2235 435 2266; x_wconf 85' lang='lat' dir='ltr'>Venus</span> <span class='ocrx_word' id='word_1_174' title='bbox 461 2238 494 2266; x_wconf 80' lang='lat' dir='ltr'>et</span> <span class='ocrx_word' id='word_1_175' title='bbox 517 2232 673 2270; x_wconf 85' lang='lat' dir='ltr'>nucifera,</span> <span class='ocrx_word' id='word_1_176' title='bbox 1010 2232 1156 2264; x_wconf 83' lang='lat' dir='ltr'>Thronus</span> <span class='ocrx_word' id='word_1_177' title='bbox 1182 2237 1214 2266; x_wconf 85' lang='lat' dir='ltr'>et</span> <span class='ocrx_word' id='word_1_178' title='bbox 1239 2232 1393 2273; x_wconf 77' lang='lat' dir='ltr'>lucifera;</span> 
     </span>
     <span class='ocr_line' id='line_1_31' title="bbox 188 2317 1228 2357; baseline -0.004 -3"><span class='ocrx_word' id='word_1_179' title='bbox 188 2324 250 2356; x_wconf 87' lang='lat' dir='ltr'>4a.</span> <span class='ocrx_word' id='word_1_180' title='bbox 278 2320 380 2354; x_wconf 84' lang='lat' dir='ltr'>Stella</span> <span class='ocrx_word' id='word_1_181' title='bbox 405 2319 503 2351; x_wconf 78' lang='lat' dir='ltr'>maris</span> <span class='ocrx_word' id='word_1_182' title='bbox 880 2320 900 2350; x_wconf 86' lang='lat'>4</span> <span class='ocrx_word' id='word_1_183' title='bbox 916 2317 945 2351; x_wconf 94' lang='lat' dir='ltr'>b.</span> <span class='ocrx_word' id='word_1_184' title='bbox 974 2317 1061 2349; x_wconf 88' lang='lat' dir='ltr'>Haec</span> <span class='ocrx_word' id='word_1_185' title='bbox 1085 2322 1133 2350; x_wconf 85' lang='lat' dir='ltr'>est</span> <span class='ocrx_word' id='word_1_186' title='bbox 1156 2327 1228 2357; x_wconf 88' lang='lat' dir='ltr'>nna,</span> 
     </span>
     <span class='ocr_line' id='line_1_32' title="bbox 276 2365 1156 2403; baseline -0.002 -3"><span class='ocrx_word' id='word_1_187' title='bbox 276 2370 322 2403; x_wconf 86' lang='lat' dir='ltr'>Ut</span> <span class='ocrx_word' id='word_1_188' title='bbox 347 2366 462 2400; x_wconf 82' lang='lat' dir='ltr'>solaris</span> <span class='ocrx_word' id='word_1_189' title='bbox 967 2365 1058 2397; x_wconf 91' lang='lat' dir='ltr'>Velut</span> <span class='ocrx_word' id='word_1_190' title='bbox 1079 2366 1156 2398; x_wconf 82' lang='lat' dir='ltr'>luna</span> 
     </span>
    </p>
   </div>
   <div class='ocr_carea' id='block_1_12' title="bbox 325 2412 1418 2454">
    <p class='ocr_par' dir='ltr' id='par_1_16' title="bbox 325 2412 1418 2454">
     <span class='ocr_line' id='line_1_33' title="bbox 325 2412 1418 2454; baseline -0.002 -6"><span class='ocrx_word' id='word_1_191' title='bbox 325 2415 421 2449; x_wconf 81' lang='lat' dir='ltr'>Clara</span> <span class='ocrx_word' id='word_1_192' title='bbox 446 2414 500 2446; x_wconf 85' lang='lat' dir='ltr'>lux</span> <span class='ocrx_word' id='word_1_193' title='bbox 526 2413 708 2454; x_wconf 77' lang='lat' dir='ltr'>egreditur3</span> <span class='ocrx_word' id='word_1_194' title='bbox 1012 2413 1098 2452; x_wconf 84' lang='lat' dir='ltr'>Quae</span> <span class='ocrx_word' id='word_1_195' title='bbox 1125 2414 1241 2446; x_wconf 86' lang='lat' dir='ltr'>decora</span> <span class='ocrx_word' id='word_1_196' title='bbox 1267 2412 1418 2446; x_wconf 83' lang='lat' dir='ltr'>creditur.</span> 
     </span>
    </p>
   </div>
  </div>
 </body>
</html>
