1650 2659
672 115 930 150 —412-—

594 238 658 270 479.
698 237 744 268 Ite
763 237 848 268 Nunc
867 236 900 268 in
922 245 1009 276 pace.

154 329 214 361 la.
242 328 291 359 Ite
840 326 898 361 lb.
927 327 997 358 Deo

246 375 337 407 Nunc
362 376 393 406 in
420 384 507 416 pace,
536 375 666 415 spiritus
925 374 1057 414 Semper
1082 373 1192 406 laudes
1218 374 1312 415 agite,

246 426 371 454 sanctus
397 431 492 462 super
518 431 573 454 vos
598 422 649 464 sit,
923 422 955 454 in
983 422 1079 454 corde
1103 422 1237 462 gloriam

241 471 301 502 iani
328 471 426 502 missa
453 472 507 503 est.
925 474 954 500 et
979 470 1114 509 aralius.

221 565 306 600 Trop.
329 573 380 590 ms.
403 564 593 599 Sangallense
615 572 689 591 saec.
714 562 756 590 10.
797 563 867 591 cod.
890 564 1056 599 Sangallen.
1079 561 1143 590 378.
1165 563 1230 590 add.
1255 571 1330 590 saec.
1355 561 1397 590 13.
1419 579 1454 583 —

148 601 202 633 lb.
232 602 248 629 2
277 602 375 629 laudes
397 602 476 629 fehlt.
497 617 534 621 —
555 602 619 637 Vgl.
642 610 740 637 wegen
764 601 804 629 la
830 602 887 628 den
907 602 1021 636 Tropus
1047 602 1100 628 Ite
1128 602 1205 629 Deo
1232 603 1377 630 servite
1398 602 1456 629 und

143 650 244 675 wegen
268 640 308 667 lh
330 641 384 667 den
404 641 518 675 Tropus
541 641 597 667 Ite
618 642 698 667 sine
720 641 815 667 dolo.

601 790 671 819 480.
711 789 757 820 lte
779 789 848 820 cnm
871 788 1000 820 Christo.

574 849 614 875 In
635 848 850 884 Epiphania
875 849 1029 875 Domini.

154 948 211 979 la.
238 946 295 983 Ite,
844 944 901 976 lb.
929 944 1009 981 Deo,

243 994 319 1025 Cum
347 992 471 1023 Christo
498 992 601 1023 renati
925 991 983 1030 Qui
1012 1000 1067 1022 nos
1093 991 1134 1022 ad
1162 992 1297 1031 patriam
1347 1024 1362 1029 ,

241 1040 405 1078 tribusque
430 1039 591 1070 miraculis
923 1047 980 1077 per
1006 1039 1121 1070 undam
1148 1048 1271 1070 sacram

244 1086 406 1124 consolati,
922 1086 1095 1128 revocavit,

242 1133 340 1165 missa
367 1135 420 1165 cst.
921 1133 1057 1171 qratias.

221 1225 300 1252 Offic.
328 1235 378 1252 ms,
400 1226 428 1252 S.
450 1227 629 1253 Katharinae
656 1234 729 1252 saec.
760 1223 803 1252 13.
844 1225 912 1253 eod.
939 1226 1075 1253 Turicen.
1104 1226 1233 1253 Rhenov.
1258 1225 1319 1254 101.
1345 1242 1377 1246 —
1396 1228 1454 1254 Mit

145 1263 279 1290 Melodie.
303 1278 336 1282 —-
361 1263 407 1295 lb,
433 1262 450 1290 3
471 1263 566 1290 fehlen
588 1262 605 1289 2
627 1262 735 1289 Silben.

552 1410 613 1441 481.
654 1410 698 1441 Ite
720 1409 876 1441 Benedicti
900 1413 931 1441 et
953 1411 1054 1442 electi.

154 1511 172 1542 1
185 1519 214 1542 a.
240 1509 297 1549 Ite>7
550 1490 556 1495 ⁴
839 1510 854 1541 1
867 1508 898 1541 b.
924 1509 994 1541 Deo

243 1556 407 1588 Benedicti
435 1561 466 1588 et
491 1557 594 1596 electi,
924 1557 989 1588 lam
1017 1555 1127 1588 refecti
1153 1562 1184 1588 et
1211 1557 1319 1589 effecti

243 1604 323 1635 iiam
351 1604 455 1643 pacis;
921 1603 1062 1635 membra
1088 1604 1207 1637 Christi

241 1660 299 1689 pro
326 1651 414 1682 vobis
923 1651 1046 1682 debitas

242 1698 310 1729 Deo
334 1699 416 1738 patri
443 1699 545 1729 hostia
923 1699 1122 1730 concinamus
1150 1700 1303 1740 condigne

244 1747 342 1777 missa
369 1750 422 1778 est.
920 1746 1056 1786 gratias.

222 1839 308 1866 Grad.
331 1848 381 1866 ms.
400 1839 609 1875 Mosburgense
631 1841 699 1866 anni
724 1837 804 1866 1:360.
839 1839 908 1867 Cod.
924 1839 1010 1867 Univ.
1026 1840 1177 1868 Monaceu.
1202 1839 1255 1868 156
1276 1842 1338 1868 Fol.
1359 1843 1394 1868 A.
1416 1855 1453 1861 —

144 1878 280 1904 Cantiou.
306 1886 356 1904 ms.
378 1877 613 1913 Engelbergense
634 1879 703 1904 anni
727 1875 806 1905 1372,
848 1878 917 1905 Cod.
938 1878 1150 1915 Engelbergen.
1173 1877 1237 1906 314.
1260 1881 1291 1906 B.
1311 1894 1345 1898 —
1368 1881 1451 1908 Miss-

144 1923 198 1942 ms.
221 1915 425 1949 Alrispacense
451 1923 524 1942 saec.
554 1915 596 1942 15.
636 1915 708 1943 clm.
730 1916 883 1943 Monacen.
911 1914 994 1943 2873.
1016 1918 1047 1944 C.
1069 1931 1106 1935 —
1126 1917 1208 1943 Miss.
1240 1926 1293 1944 ms.
1314 1918 1452 1953 Capellae

145 1953 173 1980 S.
200 1952 312 1980 Killani
342 1954 562 1988 Ratisponensis
591 1962 666 1980 mee.
695 1952 737 1980 15.
778 1953 836 1980 Cod
874 1954 970 1980 Veter.
992 1955 1129 1990 Capellae
1149 1956 1339 1989 Ratisponen.
1371 1954 1451 1984 1990.

144 1992 181 2018 D.
203 2005 238 2009 —
260 1992 341 2018 Brev.
364 2001 414 2018 ms.
433 1991 635 2018 Rheuoviense
655 2000 730 2018 saec.
754 1990 796 2018 15.
831 1991 901 2019 cod.
921 1992 1056 2020 Turicen.
1070 1993 1200 2020 Rhenov.
1220 1991 1266 2021 58.
1289 1994 1353 2021 add.
1375 2003 1451 2022 saec.

144 2028 187 2056 15.
209 2038 252 2055 ex.
268 2029 303 2056 E.
323 2044 358 2047 —
382 2028 433 2060 111,
455 2028 472 2057 3
492 2031 523 2056 111
543 2031 621 2056 viam
637 2032 659 2056 A
674 2030 710 2056 D.
728 2044 760 2048 —
784 2029 834 2062 la,
853 2029 871 2056 4
894 2029 1024 2062 „hostia“
1045 2039 1098 2057 vor
1121 2039 1190 2065 „pro
1210 2030 1310 2059 vobis“
1335 2033 1453 2068 gestellt

143 2067 176 2093 A.
200 2081 233 2085 —
256 2067 290 2094 In
311 2068 333 2093 C
361 2068 436 2094 steht
461 2068 513 2094 das
542 2067 839 2103 korrespondierende
865 2069 944 2096 Deo
967 2069 1116 2102 gratias
1144 2077 1181 2094 an
1208 2069 1331 2097 anderer
1351 2071 1448 2104 Stelle,

144 2106 197 2132 mit
218 2105 268 2132 der
288 2105 426 2132 Variante
451 2105 506 2137 lb,
529 2105 545 2133 5
567 2106 666 2132 laudes
687 2110 715 2132 et
733 2106 815 2139 (statt
834 2106 1000 2141 condigne);
1022 2108 1052 2133 in
1073 2107 1100 2133 D
1121 2106 1193 2133 fehlt
1213 2115 1243 2134 es
1263 2116 1351 2143 ganz;
1374 2110 1405 2136 in
1425 2109 1450 2136 B

143 2142 202 2170 und
222 2143 248 2170 E
269 2143 319 2171 hat
339 2152 370 2170 es
390 2144 436 2171 bei
457 2143 600 2179 gleiebem
621 2145 682 2171 Bau
702 2145 788 2171 einen
809 2144 934 2171 anderen
953 2144 1037 2176 Text,
1056 2144 1184 2171 nfimlieh

141 2210 172 2236 in
192 2209 231 2236 B:
255 2208 321 2236 Deo
824 2211 855 2237 in
874 2209 915 2237 E:
937 2207 1004 2237 Deo

257 2248 421 2283 Diligenter
442 2250 629 2275 concinamus
937 2247 1067 2275 Laudem
1087 2248 1188 2275 demus
1209 2252 1237 2276 et
1258 2254 1408 2279 cantemus

255 2289 284 2312 et
303 2286 468 2321 frequenter
938 2287 1063 2313 creatori

257 2332 291 2351 ac
311 2332 381 2351 suae
938 2332 972 2351 ac
990 2327 1091 2351 nostro

256 2364 397 2398 genetrici
416 2363 529 2390 Mariae
938 2358 1082 2402 [agat-nus]
1102 2361 1276 2398 redemptori

254 2399 381 2435 gratias.
936 2400 1065 2434 yrattas.
