1650 2659
633 160 673 164 —
728 141 794 175 133
843 161 888 165 —

505 244 532 269 c.
559 237 654 269 Aeris
679 246 763 279 aves,

560 284 698 316 Marium
724 285 838 327 pisces,

608 332 729 364 Aridae
753 333 882 373 bestias,

610 380 747 421 eleison3
775 381 878 422 Kyrie
903 381 1029 414 eleison.

745 478 776 509 2.

124 549 151 572 a.
180 540 305 572 Christe
333 541 414 581 Iesu,
806 543 835 576 b.
862 545 911 576 Ex
938 545 1059 584 virgine

180 587 316 619 Verbum
343 588 528 628 ingenitum,
863 593 995 624 Factum
1023 595 1053 625 in
1080 596 1231 633 tempore,

176 635 227 667 Ab
254 638 383 667 aeterno
410 636 559 677 genitum,
863 640 945 671 Caro
967 640 1165 679 mirabiliter,

179 683 306 715 eleison.
864 685 993 719 eleison.

503 779 529 804 e,
558 769 628 801 Non
654 772 802 813 moriens,

560 817 623 848 Sed
649 823 782 850 mortem
809 819 985 861 destruens,

560 865 734 897 Redemisti
761 865 903 906 fortiter;

560 912 700 953 eleison;
729 913 854 945 Christe
880 913 1007 946 eleison.

123 1080 151 1103 a.
179 1071 291 1110 Kyrie,
319 1071 496 1110 procedens
804 1073 834 1106 b.
862 1074 988 1114 Unctio‚
1016 1073 1085 1105 fons
1112 1075 1203 1114 ignis,

179 1118 277 1150 Simul
304 1118 343 1149 ab
369 1123 511 1160 utroque,
861 1122 993 1159 Caritas,
1021 1123 1173 1161 solamen,

179 1165 352 1205 Utriusque
379 1175 508 1206 compar
861 1169 987 1208 Digitus
1015 1175 1043 1200 et
1073 1169 1196 1209 dextra,

173 1214 277 1253 Atque
303 1218 479 1250 coaeterne,
864 1217 962 1248 Dator
986 1222 1080 1256 atque
1108 1218 1232 1259 donum,

226 1261 375 1300 Spiritus,
402 1261 532 1295 eleison.
909 1263 1057 1303 Spiritus,
1085 1265 1213 1298 eleison.

501 1356 528 1380 c.
554 1348 613 1387 Qui
639 1348 814 1388 apparuisti

561 1396 672 1433 Specie
699 1396 863 1428 columbae

558 1443 661 1482 Super
686 1443 882 1484 baptizatum

558 1490 719 1522 Christum
746 1491 779 1521 in
805 1492 942 1524 Iordane

559 1538 722 1578 Superque
748 1538 859 1570 fideles

559 1586 594 1617 In
621 1586 721 1626 igneis
747 1585 862 1626 linguis

557 1633 618 1664 Die
643 1638 854 1674 pentecostes,

606 1680 744 1720 Spiritus
771 1681 909 1723 eleison3
936 1681 1039 1721 Kyrie
1064 1680 1191 1713 eleison.

177 1763 296 1790 Collect.
324 1772 376 1790 ms.
399 1762 541 1791 Gallicum
569 1772 643 1791 saec.
672 1763 714 1792 13.
736 1774 778 1792 ex.
821 1765 889 1792 Cod.
914 1765 1073 1792 Londinen.
1095 1765 1192 1800 Egert.
1215 1763 1278 1791 274.
1301 1779 1336 1783 —
1358 1767 1412 1792 Mit

102 1801 236 1829 Melodie.
258 1815 294 1819 —
318 1800 364 1833 lc,
386 1800 404 1828 3
425 1801 443 1828 l.
464 1801 613 1829 vielleicht
630 1803 745 1830 Bestias
767 1803 878 1835 aridae,
900 1812 950 1830 zur
965 1803 1116 1838 Wahrung
1136 1804 1187 1829 der
1202 1803 1411 1830 Endassonanz

105 1840 156 1866 mit
184 1838 236 1872 la,
264 1838 282 1866 3
306 1840 365 1867 und
393 1839 448 1871 lb,
477 1840 503 1866 3.
527 1855 564 1858 —
592 1838 648 1872 2a,
678 1839 696 1868 2
717 1843 892 1876 ingenitum,
915 1841 1090 1868 auffallende
1114 1842 1283 1876 Weiulung,
1310 1842 1412 1877 gewiss

103 1878 182 1904 nicht
212 1879 251 1905 im
271 1878 376 1908 Siune,
406 1879 461 1905 wie
485 1878 666 1914 „ingenituffl
690 1884 847 1915 ausgesagt
868 1879 938 1907 wird
960 1889 1016 1906 von
1037 1880 1117 1906 Deus
1140 1882 1235 1914 pater,
1264 1880 1412 1906 vielleicht

102 1914 163 1942 hier
183 1918 328 1953 ingenitus
350 1928 387 1938 =
408 1918 487 1943 intus
507 1917 606 1949 (intra)
626 1919 751 1953 genitus,
773 1932 809 1935 —
831 1917 880 1950 lib,
906 1916 919 1944 1
943 1919 1062 1949 Contim
1086 1918 1122 1944 ob
1143 1917 1330 1945 Lesefehler'?

528 2028 575 2059 70.
617 2027 716 2067 Kyrie
738 2030 830 2068 pater
850 2030 988 2059 aeterne.

545 2089 594 2116 De
623 2088 786 2124 Corpore
814 2088 964 2115 Christi.

744 2166 774 2198 1.

115 2240 144 2264 a.
171 2232 284 2272 Kyrie,
311 2236 404 2272 pater
429 2237 570 2274 aeterne,
796 2232 826 2265 b.
854 2233 964 2274 Kyrie‚
993 2233 1063 2266 fons
1090 2238 1256 2267 coaeterne

217 2280 366 2312 Fontana
391 2280 504 2322 deitas,
903 2280 998 2313 Lucis
1023 2285 1054 2313 et
1079 2281 1221 2322 claritas,

265 2328 294 2360 A
321 2337 383 2368 quo
409 2332 539 2360 manant
951 2329 1067 2362 Lucem
1092 2328 1232 2362 formans

312 2376 462 2409 Flumina
487 2384 605 2415 rerum,
998 2377 1104 2410 Primo
1131 2378 1265 2417 dierum,

359 2425 489 2456 eleison.
1045 2425 1174 2459 eleison.
