1650 2659
743 111 1000 146 —415—

698 203 770 235 490.
811 204 858 235 lte
880 203 939 234 Per
959 204 1058 234 fldem.

712 255 761 282 De
783 263 828 281 ss.
849 254 1053 288 Apostolis.

230 328 290 360 la.
317 326 376 365 Ite,
917 321 978 355 lb.
1005 321 1087 360 Deo,

318 374 378 406 Per
397 372 492 404 fidem
517 370 734 410 apostolorum
1002 370 1064 401 Per
1089 379 1179 408 quem
1207 371 1328 408 potenti
1356 371 1470 401 virtute

318 420 407 454 Facti
434 421 519 451 cives
546 418 635 458 regni
662 417 834 458 caelorum,
1001 415 1267 460 Semina[ve]runt
1296 419 1390 449 verba
1418 419 1509 460 vitae,

361 467 469 500 Missa
495 469 549 500 est.
1048 463 1194 497 Gratias.

296 528 383 558 Grad.
396 537 448 555 mS.
462 527 683 555 Benedictinum
697 522 895 560 [Bavaricum]
911 533 986 552 saec.
1005 524 1046 552 15.
1073 525 1142 551 Cod.
1158 525 1319 552 Londinen.
1335 525 1407 552 Add.
1425 525 1458 552 16
1467 524 1529 553 950.

664 638 726 669 491.
767 637 811 668 lte
831 637 892 668 Per
912 635 981 667 vias
1004 635 1098 666 vitae.

235 722 292 754 la.
318 721 368 753 Ite
917 718 977 751 lb.
1005 718 1074 749 Deo

320 770 380 800 Per
405 768 471 799 vias
498 768 592 807 vitae,
1003 765 1159 797 Concordi
1186 774 1261 796 voce

316 817 358 848 ad
384 815 517 855 propria
541 814 639 854 inite3
1003 813 1116 844 mentis
1143 817 1171 843 et
1199 822 1294 851 opere

319 864 387 895 Deo
413 863 498 902 patri
1003 868 1129 898 semper
1154 861 1263 900 dignas

318 911 422 942 hostia
448 911 515 942 nati
1003 907 1209 939 exhibeamus

317 959 419 990 missa
446 960 499 989 est.
1002 955 1138 995 qratias.

299 1018 388 1046 Grad.
411 1027 462 1045 ms.
485 1016 633 1045 Borkense
654 1025 729 1044 saec.
754 1015 796 1042 15.
837 1015 906 1043 cod.
928 1016 1054 1043 Borken.
1075 1016 1099 1042 A
1121 1015 1147 1042 9.

685 1127 755 1158 492.
799 1128 845 1158 lte
869 1127 937 1157 Cum
961 1129 1071 1158 salute.

233 1211 290 1242 la.
319 1209 369 1240 Ile
922 1208 981 1241 lb.
1008 1209 1077 1240 Deo

319 1256 396 1287 Cum
421 1255 523 1286 salute
1006 1255 1083 1287 Iusti
1112 1255 1230 1288 dilemi.

319 1303 362 1335 Et
387 1302 534 1342 proficite
559 1302 590 1333 in
617 1303 754 1340 virtute3
1005 1304 1086 1336 Fide
1112 1311 1233 1342 quoque
1261 1301 1406 1341 perfecti.

323 1351 383 1382 I’ro
409 1350 499 1381 vobis
525 1349 593 1381 Deo
1007 1351 1164 1383 Concordi
1192 1358 1266 1381 voce

321 1397 405 1437 patri
432 1397 537 1429 hostia
1007 1399 1117 1436 dignas
1145 1398 1285 1428 dicamus

319 1446 420 1477 missa
447 1446 500 1477 est.
1004 1445 1140 1485 marias.

307 1504 394 1532 Grad.
416 1514 470 1531 ms.
493 1504 643 1532 Borkense
665 1514 739 1532 saec.
764 1504 807 1532 15.
848 1505 917 1533 (sod.
939 1506 1065 1533 Borken.
1087 1508 1109 1532 A
1131 1506 1157 1532 9.

640 1617 708 1647 493.
749 1617 794 1647 lte
815 1617 862 1648 Sit
882 1625 938 1647 rex
959 1617 1116 1648 caelestis.

342 1693 426 1737 Ite‚*
455 1695 501 1727 Sit
529 1705 584 1727 rex
612 1696 757 1727 caelestis
783 1701 887 1728 vester
911 1702 1074 1736 protector
1099 1698 1131 1729 in
1157 1698 1241 1729 arvis

458 1743 610 1775 Omnibus
636 1748 731 1784 atque
758 1744 842 1775 horis
870 1754 923 1776 vos
950 1747 1069 1776 muniat
1096 1754 1134 1776 ex
1160 1745 1294 1776 inimicis

460 1791 571 1822 Salvos
597 1800 714 1830 vosque
740 1796 840 1831 regat,
867 1801 922 1823 sua
948 1802 1109 1832 quousque
1135 1793 1276 1832 potentia
1300 1796 1419 1832 regnat.

459 1838 551 1870 Nunc
577 1838 625 1869 illi
652 1839 762 1879 dignas
789 1840 880 1871 simul
907 1850 1013 1871 omnes
1040 1841 1167 1880 pangite
1193 1840 1321 1878 laudes3

550 1886 651 1917 missa
678 1887 732 1919 est.

304 1948 392 1983 Trop.
415 1956 466 1973 ms.
489 1947 724 1974 Emmeramense
745 1956 819 1975 saec.
845 1946 914 1975 ¹¹l12.
950 1948 1021 1975 Clm.
1043 1949 1194 1975 Monaom
1219 1947 1324 1976 14033.
1341 1950 1372 1975 Α.
1395 1963 1430 1965 -
1454 1949 1539 1982 Τιίφ,

226 1996 279 2013 ms,
301 1986 509 2014 Germanicum
531 1993 606 2012 saec.
630 1984 674 2012 12.
707 1985 778 2012 cod.
793 1987 915 2014 Roman.
930 1987 1052 2022 Angelic
1082 1985 1139 2014 948
1158 1988 1195 2018 (R
1208 1987 1249 2013 1V
1269 1986 1328 2017 38).
1344 1988 1375 2014 Β,
1397 2001 1432 2004 -
1454 1987 1539 2021 Tvop.

227 2034 278 2052 ms.
308 2023 564 2052 Heidenhemense
593 2032 667 2051 saec.
698 2023 741 2051 11.
782 2024 852 2052 cod.
880 2024 1021 2052 Oxonien.
1050 2025 1126 2052 Seld.
1150 2033 1238 2061 supra
1266 2024 1310 2052 27.
1337 2027 1366 2053 C.
1395 2041 1423 2043 —
1454 2025 1539 2059 Trop.

224 2073 278 2090 ms.
307 2062 500 2099 Sangallense
530 2071 604 2089 saee.
633 2061 689 2094 (11.
720 2064 759 2095 et)
788 2062 830 2090 13.
857 2064 892 2090 D.
914 2077 950 2082 —
970 2064 1048 2099 Trop
1084 2072 1135 2090 ms.
1157 2064 1360 2091 Rhenoviense
1389 2072 1461 2089 saec.
1499 2062 1539 2088 11.

225 2102 296 2130 eod.
327 2101 462 2129 Turicen.
494 2101 624 2128 Rhenov.
657 2100 702 2128 55.
734 2101 799 2127 add.
832 2109 906 2128 saec.
938 2099 1010 2128 ¹³l14.
1039 2101 1072 2129 E.
1104 2117 1140 2120 —
1169 2102 1179 2129 1
1210 2102 1270 2129 Rex
1301 2104 1340 2129 sit
1366 2102 1402 2129 B:
1437 2102 1540 2127 vestri<

224 2143 372 2176 protector
400 2140 437 2172 A,
469 2140 558 2167 vestri
590 2141 731 2175 protectio
764 2140 801 2172 (ἐς
834 2142 979 2175 protector
1009 2142 1038 2167 in
1070 2141 1158 2167 armis
1185 2141 1224 2171 A„
1257 2144 1402 2176 protector
1434 2140 1540 2174 ubique

226 2179 262 2206 D.
284 2194 319 2198 —
343 2177 361 2205 2
381 2177 454 2205 fehlt
475 2179 507 2205 B.
530 2191 564 2196 -‘-
587 2179 604 2204 2
626 2180 740 2205 muniat
766 2187 818 2205 vos
841 2180 871 2206 C.
898 2192 927 2196 —
951 2176 968 2205 3
992 2179 1094 2205 Salvet
1113 2179 1150 2213 Β;
1180 2181 1311 2213 potentia
1332 2181 1430 2214 regnet
1453 2178 1483 2203 B.
1507 2190 1540 2194 —

223 2215 244 2244 4
263 2217 354 2253 digna
369 2218 400 2244 C.
423 2231 458 2234 —
475 2217 557 2244 Nach
576 2215 647 2244 l—3
661 2219 733 2244 stets
748 2216 858 2243 Amen
875 2216 895 2243 A
913 2217 948 2243 D.
984 2218 1043 2244 Das
1059 2217 1285 2253 entsprechende
1306 2218 1378 2244 Deo
1399 2216 1541 2250 gratias

224 2255 299 2283 fehlt
329 2261 406 2291 ganz
431 2255 463 2281 in
491 2255 528 2287 C,
559 2256 598 2282 ist
627 2256 658 2282 in
686 2256 712 2283 D
741 2254 872 2282 entlehnt
896 2263 949 2281 aus
977 2255 1041 2282 dem
1069 2256 1242 2291 Ite-Tropus
1271 2253 1400 2287 „Pabulo
1426 2253 1539 2279 refecti-⁷

221 2294 294 2326 (Str.
319 2294 386 2326 lb),
413 2293 472 2320 und
499 2293 593 2320 lautet
618 2295 650 2320 in
670 2294 694 2320 A
716 2293 754 2320 B:
787 2295 858 2320 Deo
880 2293 967 2320 Salus
985 2302 1098 2327 semper
1118 2294 1181 2321 laus
1203 2297 1231 2321 et
1252 2294 1346 2329 gloria
1367 2296 1470 2319 cuncta
1492 2300 1542 2326 per

228 2332 324 2359 saecla
352 2331 480 2366 gratias,
508 2333 539 2359 in
560 2331 601 2359 E:
630 2333 706 2360 Deo
732 2331 863 2358 dieamus
891 2333 1085 2368 omnipotenti
1111 2332 1305 2369 (omnipotens
1327 2332 1391 2363 Hs.)
1415 2339 1491 2356 nunc
1514 2331 1542 2355 in

227 2377 332 2397 aevum
352 2369 512 2405 gratias.

302 2406 456 2434 Zwischen
476 2405 495 2436 3
510 2408 569 2436 und
588 2407 608 2435 4
625 2408 740 2436 sehiebt
762 2409 786 2436 Α
807 2409 991 2436 sinnstfirend
1013 2411 1074 2437 ein:
1099 2410 1178 2445 „Ita
1207 2407 1310 2436 Deo&
