1650 2659
684 111 941 146 —401—

541 271 610 302 460.
651 272 756 311 Agnus
782 271 880 310 „Haec
901 275 949 303 est
970 275 1071 303 car-0⁴⁴.

604 351 655 378 De
680 349 843 386 Corpore
869 351 1026 378 Christi.

167 459 199 492 1.
225 457 315 490 Haec
339 461 389 489 est
413 465 500 497 caro,
523 465 616 496 quam
642 456 765 488 cibavit
852 458 884 490 2.
912 457 974 489 Hic
996 458 1028 489 in
1055 466 1182 489 carnem
1208 460 1322 490 transit
1348 460 1452 499 paniS‚

226 505 268 537 Et
293 514 363 536 oum
390 504 476 536 dulci
496 505 578 537 lacte
604 505 693 544 pavit
912 504 995 536 Caro
1021 510 1143 537 tantum
1170 515 1247 537 sana
1272 507 1357 537 sanis

273 553 378 585 Maria
401 551 509 594 virg03
534 555 621 584 terra
646 551 728 584 bona
959 554 988 584 A
1015 554 1184 585 sacerdote
1209 554 1254 584 sic
1281 557 1449 592 tractatur,

273 599 473 632 Gen-minavit
498 604 588 632 tanta
615 600 708 632 dona.
962 601 1003 634 Ut
1029 610 1048 631 a
1074 605 1176 632 matre
1201 605 1379 640 generatur.

444 706 476 737 3.
503 705 528 736 O
554 704 669 741 Maria,
697 708 730 734 tu
757 712 826 735 cum
853 713 933 743 agno

500 751 566 783 Nos
593 753 779 783 commenda
805 753 872 791 regi
898 761 1020 791 magno,

547 799 601 837 Ut,
629 808 697 830 cnm
724 800 803 831 haec
828 800 894 831 vita
919 800 1117 837 terminetur,

547 846 667 879 Christi
693 856 809 887 corpus
835 848 1011 879 comitetur.

233 951 366 979 Caution.
396 959 447 978 ms.
470 952 645 979 secoviense
665 951 735 977 anni
760 948 841 978 1345.
873 950 942 977 Cod.
964 951 1103 978 Graeeen.
1126 949 1188 977 756.
1210 951 1242 977 A.
1259 966 1294 970 -
1316 951 1392 977 Grad
1416 961 1467 978 me.

155 990 365 1025 Mosburgense
386 990 456 1017 anni
480 986 562 1017 1360.
603 988 673 1016 cod.
696 989 782 1017 Univ.
805 989 957 1016 Monacen.
983 987 1042 1015 156.
1065 990 1125 1016 Fol.
1148 990 1179 1016 B.
1202 1003 1236 1008 -—
1259 989 1391 1016 Cantiou.
1416 998 1466 1015 ms.

156 1028 384 1064 Vissegradense
405 1035 480 1055 saec.
504 1026 547 1054 15.
580 1027 650 1055 cod.
673 1027 768 1061 Capit.
789 1026 995 1061 vissegraden.
1020 1028 1044 1052 V
1063 1028 1100 1053 Ue
1123 1038 1148 1061 η.
1172 1027 1201 1053 C.
1217 1041 1251 1045 —
1267 1026 1401 1053 Caution.
1417 1036 1468 1053 ms.

156 1065 321 1093 wenceslai
348 1067 383 1093 de
410 1065 578 1100 Wyskytna
608 1067 676 1092 anni
708 1063 788 1092 1512.
831 1064 900 1092 Cod.
928 1065 1001 1091 Mus.
1032 1065 1148 1092 Bohem.
1177 1065 1249 1091 XIII
1275 1065 1297 1090 A
1326 1063 1350 1090 2.
1375 1065 1408 1091 I).
1432 1079 1466 1083 —

156 1104 379 1139 Strophenfolge
400 1105 430 1130 in
447 1103 482 1130 C:
505 1102 531 1136 3,
553 1101 578 1136 2,
604 1102 633 1138 1;
655 1104 686 1130 in
705 1104 746 1130 D:
770 1101 795 1135 2,
821 1102 833 1129 1
854 1101 882 1133 (3
904 1103 1000 1134 fehlt);
1023 1105 1052 1129 in
1073 1104 1175 1130 beiden
1192 1103 1327 1130 letzteren
1343 1104 1466 1136 Quellen

157 1142 197 1168 ist
223 1142 273 1170 der
291 1143 405 1177 Tropus
427 1141 490 1168 dem
514 1143 677 1170 Sanetus
698 1143 890 1177 zugewiesen.
912 1155 949 1159 —-
972 1140 1002 1171 1,
1032 1140 1044 1167 1
1068 1149 1124 1176 qua
1145 1142 1254 1168 cibavit
1274 1142 1310 1167 D⁴
1332 1155 1367 1159 —
1391 1140 1423 1171 1,
1450 1140 1467 1167 2

156 1180 196 1207 Et
222 1181 257 1207 de
282 1181 364 1207 cuius
391 1180 466 1207 laete
489 1179 602 1212 (ventre
629 1180 662 1213 C)
684 1181 706 1207 B
728 1179 750 1206 C
771 1180 807 1206 D.
830 1196 862 1199 —
890 1178 919 1211 1,
946 1177 964 1205 4
985 1179 1155 1206 Germinata
1178 1181 1199 1205 A
1224 1180 1252 1205 Η.
1275 1193 1309 1196 -
1331 1177 1364 1208 2,
1395 1178 1407 1205 1
1438 1180 1469 1205 iu

157 1226 244 1246 carne
266 1219 300 1244 A.
322 1233 359 1237 —
380 1215 412 1249 2,
441 1215 459 1244 2
482 1217 592 1254 Corpus
615 1218 725 1245 Christi
746 1226 850 1245 sanum
872 1217 894 1243 C
915 1219 950 1244 D.
972 1231 1008 1235 a
1029 1217 1060 1247 3,
1083 1216 1100 1244 2
1120 1218 1180 1244 Nos
1203 1217 1355 1243 transferto
1378 1218 1409 1243 C.
1432 1231 1467 1235 —

155 1253 187 1289 3,
213 1254 230 1283 3
251 1256 292 1285 Ut
311 1265 376 1284 cum
399 1256 461 1283 dies
484 1257 532 1283 hic
553 1256 670 1283 deretur
691 1259 722 1283 C.
744 1270 781 1274 —-
802 1254 834 1288 3,
862 1256 879 1283 4
901 1255 1011 1290 Corpus
1035 1255 1144 1283 Christi
1167 1257 1189 1281 B
1212 1257 1248 1282 C:
1277 1259 1469 1281 commutetur

155 1296 188 1321 C.
209 1310 242 1314 —
265 1295 326 1322 Vox·
346 1294 425 1327 §eder
445 1295 586 1330 Strophe:
610 1295 734 1330 Agnus
762 1295 827 1322 Dei
847 1298 901 1320 cte.

445 1502 506 1532 461.
546 1502 650 1542 Agnus
673 1503 753 1539 „Ave
776 1509 885 1532 verum
907 1508 1017 1540 corpus
1040 1499 1182 1531 Christi:

598 1582 648 1609 De
676 1582 840 1616 Corpore
866 1579 1014 1607 Christi.

169 1687 201 1719 1.
226 1687 308 1728 Ave,
334 1695 445 1718 verum
471 1695 586 1726 corpus
612 1686 744 1724 Christi,
852 1687 885 1720 2,
913 1684 1018 1723 Salve,
1045 1688 1149 1715 rector
1175 1683 1373 1723 angelorum,

224 1735 283 1774 Qui
309 1734 342 1766 in
369 1743 463 1766 cruce
489 1735 554 1766 dux
580 1733 681 1771 fuisti,
911 1733 958 1764 Tu
985 1731 1136 1762 fundator
1162 1731 1337 1766 beatorum,

225 1782 289 1814 Pro
313 1781 405 1814 nobis
432 1785 564 1814 mortem
590 1782 704 1814 subisti
912 1778 1221 1819 Resuscitatormue)
1248 1778 1406 1817 lapsorum

222 1830 264 1862 Et
288 1839 348 1862 nos
376 1830 448 1862 dire
473 1830 656 1869 redemisti3
912 1828 953 1859 Et
979 1826 1106 1859 adiutor
1133 1829 1353 1865 peccatorun13

223 1877 290 1910 Fac
315 1882 457 1910 tractare
912 1876 937 1907 Ο
964 1884 1056 1915 quam
1083 1875 1188 1905 suavis

223 1926 347 1966 Corpus
375 1925 461 1958 clare
911 1923 952 1954 Et
981 1931 1041 1954 non
1068 1922 1173 1962 gravis

269 1973 333 2006 Hjc
358 1983 378 2005 a
403 1973 636 2014 sacerdotibus,
960 1971 1004 2002 Es
1030 1974 1065 2002 tu
1090 1969 1335 2009 paenitentibus,

221 2021 268 2054 Ut
293 2029 364 2053 cum
389 2021 482 2053 bonis
909 2018 969 2057 Qui
995 2019 1035 2050 de
1060 2017 1202 2058 peccatis

223 2069 300 2101 Tuis
326 2069 419 2101 donis
910 2068 1016 2107 Agunt
1042 2066 1119 2097 satis

274 2117 452 2156 lungantur
477 2116 678 2148 caelestibus.
960 2114 1081 2153 Hisque
1108 2110 1366 2144 lacrimantibus!

222 2163 302 2197 Dic:
330 2164 437 2194 venite
913 2162 963 2194 Da
989 2163 1135 2193 juvamen

222 2212 266 2245 Et
292 2211 380 2242 adite
909 2209 953 2241 Et
977 2209 1117 2241 solamen

268 2257 375 2291 Patris
406 2256 467 2289 mei
490 2257 618 2300 gaudia,
958 2256 1033 2288 SoIa
1058 2263 1112 2288 tua
1139 2256 1252 2296 gratia,

222 2306 288 2341 Ubi
312 2313 422 2336 manes
908 2304 953 2336 Ut
975 2305 1084 2336 redire

223 2355 283 2395 Tu,
307 2352 362 2393 qui
385 2360 480 2383 sanes
911 2351 1050 2391 Possint,
1077 2353 1125 2383 ire

269 2400 336 2433 Nos
363 2408 434 2431 cum
459 2401 514 2431 tua
540 2398 652 2438 gratia·
959 2400 1020 2432 Per
1046 2401 1128 2431 viam
1155 2399 1349 2430 clementiae.

207 2461 336 2487 Blume,
358 2456 439 2486 'Propi
459 2454 622 2479 Grndualos.
643 2455 666 2477 Ι.
1258 2453 1293 2481 26
