1650 2659
711 169 968 204 -334—

189 264 277 300 Trop.
306 273 357 292 ms.
379 264 568 300 Sangallense
597 272 670 291 saec.
698 263 742 291 10.
782 263 853 290 Cod.
873 262 1041 298 Sangallen.
1065 260 1131 291 378.
1151 261 1216 289 add.
1239 270 1314 289 saec.
1336 259 1381 289 14.
1402 261 1433 289 C.
1454 274 1493 279 —-

189 302 278 337 Trop.
303 311 356 329 ms.
377 302 566 337 Sangallense
588 310 662 328 saec.
685 299 732 336 [11
755 298 794 333 etl,
818 298 860 327 13.
901 300 971 328 Cod.
991 300 1159 336 Sangallen.
1179 297 1245 327 382.
1265 299 1331 327 add.
1351 307 1426 326 saec.
1449 296 1492 325 14.

193 340 227 366 D.
247 354 285 358 —
312 341 426 367 Prosar.
453 348 504 366 ms.
526 341 642 366 Arnesti
662 339 820 374 Pragensis
847 339 916 365 anni
945 336 1025 366 1360.
1065 338 1134 367 Cod.
1156 338 1252 373 Capit.
1272 338 1396 372 Pragen.
1417 335 1440 363 P
1467 333 1494 362 9.

192 377 225 403 E·
251 392 287 396 ·-
314 379 401 406 Grad.
432 386 483 404 ms.
510 377 654 411 Pragense
685 384 759 404 saec.
790 375 834 403 16.
858 377 904 408 ‚in-
944 376 1014 403 Cod.
1041 377 1164 412 Pragen.
1191 376 1248 402 VII
1275 375 1299 402 A
1328 373 1372 402 13.
1398 375 1430 402 F.
1458 387 1494 392 —

191 416 324 442 Cantion.
353 426 403 442 ms.
426 415 571 450 pragense
600 423 674 441 saec.
705 414 747 441 16.
787 413 857 440 Cod.
877 414 953 440 Mus.
974 413 1092 441 Bohem.
1113 414 1186 440 XIII
1206 413 1231 440 E
1260 411 1278 440 8
1299 413 1334 441 G.
1355 426 1391 432 ·-
1411 411 1493 439 Miss-

191 462 243 479 ms.
272 454 451 481 Novesiense
477 461 551 478 saec.
580 451 622 478 15.
663 453 730 480 Cod.
759 452 882 478 Parisin.
912 449 1016 478 12063.
1044 453 1082 479 H.
1104 467 1140 471 —-
1161 451 1280 478 Collect.
1309 459 1360 477 ms.
1382 449 1492 477 Seheft-

192 491 319 518 lariense
341 500 415 518 saec.
436 490 490 519 (13.
513 491 551 516 in.
571 492 611 522 et)
633 490 675 517 14.
691 490 763 517 Clm.
778 490 930 516 Monacen.
953 487 1057 516 17212.
1072 490 1094 517 Ι.
1109 503 1146 507 -
1160 490 1242 516 Miss.
1257 489 1492 516 Praedieawruni

191 529 261 563 imp.
282 530 413 556 venetiis
436 526 507 554 1523
538 527 573 554 K.

266 565 373 601 Expos.
401 574 452 592 ms.
473 566 581 592 Missae
608 574 682 592 saec.
713 564 755 593 12.
796 565 865 593 Cod.
886 566 1020 591 Vatican.
1042 565 1139 592 ottob.
1169 562 1230 592 156.
1257 564 1322 592 add.
1351 573 1426 591 saec.
1449 561 1493 589 14.

190 604 223 630 L.
239 618 274 623 —
297 606 383 639 Trop.
404 612 456 629 ms.
477 603 642 630 Bobbiense
663 612 737 631 saec.
761 601 804 629 12.
837 602 906 630 Cod.
926 603 1085 630 Taurinen.
1098 603 1121 629 F
1142 603 1182 629 IV
1206 601 1248 630 18.
1270 602 1334 629 add.
1356 610 1431 629 saec.
1449 598 1493 627 15.

190 642 229 668 M.
251 657 286 659 —
308 643 389 668 Miss.
419 650 469 666 ms
492 641 654 667 Romanum
681 650 755 668 saec.
786 640 828 667 15.
869 641 939 668 Cod.
959 641 1093 667 Vatican.
1118 638 1202 667 4768.
1223 641 1258 667 N.
1277 655 1314 658 —
1337 641 1419 667 Miss.
1440 647 1492 665 ms.

191 680 352 705 Romanum
381 687 454 705 saeC.
480 677 521 704 14.
543 688 586 705 ex.
627 679 696 706 Coti.
719 681 839 706 Roman.
864 679 1012 706 Barberin.
1035 678 1104 705 XIV
1124 675 1169 705 30.
1190 678 1255 705 add.
1276 686 1351 705 saec.
1376 676 1438 704 ¹5l16
1460 676 1494 704 Ο-

191 731 225 734 ——·
248 718 361 743 Prosar.
389 725 441 743 mS.
463 716 599 743 Farfense
631 718 699 743 anni
729 715 809 744 1514.
850 716 920 743 (jod.
941 717 1063 742 Roman.
1084 716 1194 742 Farfen.
1223 714 1268 743 33.
1289 716 1321 742 P.
1343 730 1377 734 —
1405 713 1494 742 Grad.

190 763 243 780 ms.
266 758 294 781 S.
317 756 537 781 bonaventurae
566 755 595 780 in
617 756 709 781 Boseo
738 762 812 780 saec.
842 753 885 781 15.
926 755 996 782 Cod.
1018 754 1176 781 Florentia.
1198 754 1227 781 S.
1248 754 1337 780 Marc.
1366 763 1388 779 s.
1410 762 1437 779 n.
1459 752 1494 784 Q.

189 807 225 811 —
255 793 342 819 Grad.
375 801 426 818 ms.
453 791 689 819 praedicatorum
717 792 746 820 S.
773 792 864 818 Marci
890 793 1016 819 Florent.
1042 800 1116 819 saec.
1147 790 1190 818 15.
1235 791 1305 818 Cod.
1333 790 1492 818 Florentin.

190 830 218 856 S.
240 830 328 856 Marc.
351 840 372 855 s.
394 839 420 856 n.
442 830 475 855 R.
491 845 526 849 —
542 830 623 856 Pros.
647 834 675 856 et
695 831 782 865 Trop.
804 838 856 855 ms.
872 830 1078 865 Aquilegiense
1099 837 1173 856 saec.
1197 827 1268 855 ulis.
1300 829 1370 856 Cod.
1387 828 1493 855 Semin.

188 868 334 895 Goricien.
350 868 372 894 1.
389 871 417 893 S.
432 882 469 885 —
483 867 569 894 Grad.
584 877 635 894 ms.
650 868 885 895 Praedicatorum
899 867 1066 901 (Gallicum)
1079 875 1153 893 saec.
1171 865 1213 894 13.
1241 866 1310 894 Cod.
1326 865 1494 901 Sangallen.

189 904 253 932 383.
275 906 307 931 T.
330 921 364 925 —
388 906 494 932 Ferner
515 907 543 931 in
565 906 634 932 eod.
655 906 790 933 Turicen.
812 905 942 932 Rhenov.
965 904 1009 932 55.
1031 913 1105 932 saec.
1130 903 1182 936 14,
1203 905 1273 931 aber
1293 905 1439 931 unlesbar.

265 943 330 978 Vgl.
348 944 437 970 Bona.
461 944 565 970 Rerum
593 943 689 979 liturg.
718 944 767 970 lib.
789 943 827 970 II.
854 943 889 970 ed
911 943 1042 970 Venetiis
1075 941 1159 972 1671,
1186 951 1213 977 p.
1235 940 1289 969 347
1316 942 1385 970 (und
1412 938 1492 972 1752,

190 990 216 1015 p.
240 980 319 1013 333),
340 981 476 1007 woselbst
497 981 543 1007 die
564 981 749 1016 Einleitung:
778 981 863 1014 „Alia
883 982 987 1008 similis
1009 980 1194 1015 interpolatio
1216 979 1380 1014 rhythmica
1400 981 1494 1006 exstat

190 1020 220 1045 in
255 1019 346 1045 Missa
380 1019 453 1045 Tho
464 1027 537 1045 mae
571 1020 688 1054 Aquin
700 1021 749 1046 ati
783 1018 958 1054 adscripta“.
1006 1019 1123 1046 Ebenso
1157 1017 1245 1044 heisst
1277 1027 1308 1044 es
1342 1019 1381 1044 im
1411 1017 1492 1044 Miss.

189 1057 425 1083 praedicatorum
447 1057 560 1089 {Quelle
582 1058 630 1087 10:
661 1059 711 1090 „In
738 1057 810 1084 festo
839 1065 876 1083 ss.
902 1058 1038 1092 Corporis
1060 1055 1168 1083 Christi
1190 1059 1218 1082 et
1239 1064 1289 1090 per
1309 1059 1441 1082 octavam
1464 1055 1494 1080 in

190 1096 280 1120 missa
301 1098 427 1129 tempore
449 1094 621 1121 elevationis
643 1095 815 1121 sacramenti
836 1098 970 1121 cantatur
989 1102 1112 1129 sequens
1126 1093 1268 1125 ,Sanc-tus*
1283 1102 1346 1120 cum
1361 1093 1494 1121 versibus

190 1133 385 1167 interpositis.
417 1132 503 1158 editis
535 1134 570 1158 ab
602 1133 846 1159 excellentissimo
876 1134 994 1159 doctore
1025 1142 1046 1159 s.
1078 1131 1216 1158 'rhoma
1245 1131 1285 1158 de
1318 1130 1494 1166 Aquino“.

190 1170 294 1196 Dieses
315 1170 440 1205 Zeugnis
463 1169 551 1196 allein
574 1168 641 1196 ‹larf
658 1171 745 1197 kaum
766 1172 907 1205 genfigen.
944 1171 979 1197 In
999 1171 1132 1197 letzterer
1154 1169 1256 1201 Quelle
1278 1170 1304 1196 K
1326 1169 1390 1196 sind
1411 1168 1493 1196 fiber·

190 1206 251 1234 dies
273 1209 343 1234 zwei
367 1208 480 1234 weitere
496 1207 639 1243 Strophen
660 1209 832 1244 angehfingt,
854 1208 941 1235 deren
962 1208 1079 1235 letztere
1101 1209 1165 1234 eine
1180 1207 1285 1234 andere
1301 1207 1493 1241 Behandlung

189 1244 240 1271 des
262 1246 376 1272 Reimes
398 1246 541 1272 aufweist:

237 1295 263 1323 6.
285 1297 368 1332 Aqua
390 1298 479 1323 mixta
502 1297 592 1324 calice
917 1296 943 1324 8.
964 1298 1129 1325 Reddamus
1150 1297 1283 1324 celeriter

325 1337 396 1361 Cum
417 1336 486 1361 vino
507 1339 650 1363 mutatur:
1003 1336 1105 1363 laudes
1126 1337 1258 1366 creatori.

287 1373 408 1407 Populis
430 1373 471 1398 sic
493 1374 605 1399 mistice
965 1375 1022 1407 Qui
1045 1383 1094 1408 pro
1116 1374 1200 1400 nobis
1221 1373 1316 1400 voluit

326 1410 442 1437 Christo
464 1411 623 1445 copulatur,
1004 1414 1064 1446 pati
1085 1420 1198 1438 necnon
1219 1413 1291 1438 mori

287 1449 480 1482 Coniungitur
501 1450 593 1479 unice,
965 1450 1004 1476 Et
1024 1459 1077 1476 nos
1101 1449 1179 1476 dedit
1200 1452 1332 1484 perpetes

326 1486 411 1513 Plebs
433 1489 533 1512 sancta
554 1486 686 1514 laetatur.
1003 1496 1072 1515 suae
1093 1488 1210 1514 visioni.

272 1536 295 1569 1,
323 1536 340 1564 2
362 1538 552 1564 ministerium
574 1539 596 1564 1.
618 1553 653 1556 —
680 1538 702 1567 1.
724 1537 740 1566 6
762 1539 911 1571 Quomodo
933 1541 1111 1566 convertitur
1131 1540 1154 1566 B
1173 1538 1216 1569 (fr.
1237 1537 1264 1570 3,
1285 1537 1320 1573 6).
1344 1554 1378 1558 -
1399 1537 1417 1567 2
1437 1538 1496 1565 und

191 1574 210 1602 :3
231 1576 397 1610 umgestellt
418 1572 454 1601 G.
473 1591 507 1594 —
530 1574 555 1606 2,
577 1575 594 1602 4
615 1577 721 1603 Panem
744 1585 826 1603 suum
851 1577 881 1603 Β.
896 1591 931 1596 -
952 1575 979 1609 2,
1001 1576 1018 1604 6
1040 1579 1088 1604 sic
1109 1577 1225 1604 dicebat
1244 1579 1282 1612 A;
1303 1578 1361 1610 Qui
1381 1577 1497 1604 dicebat

192 1613 234 1645 H;
259 1614 353 1640 Lubet
376 1614 474 1640 dicens
496 1614 524 1645 Ι;
552 1615 657 1641 lubens
679 1623 794 1641 sumens
815 1615 902 1642 dicite
923 1616 956 1641 L.
978 1630 1014 1634 —
1035 1614 1060 1644 3,
1082 1613 1100 1641 3
1120 1615 1176 1642 Sed
1197 1615 1264 1642 dum
1286 1616 1309 1642 B
1330 1615 1355 1642 G
1376 1616 1404 1642 H
1426 1615 1450 1641 L
1469 1615 1496 1642 N

192 1652 218 1684 Q
242 1652 278 1680 R:
308 1651 345 1678 Et
366 1657 433 1678 tunc
461 1652 482 1677 I.
511 1666 545 1669 —-
575 1650 604 1683 3,
633 1652 651 1679 4
678 1654 789 1688 Corpus
816 1657 884 1679 tune
905 1654 928 1680 B
949 1654 971 1680 C
992 1654 1017 1681 G
1038 1654 1066 1680 H
1089 1653 1193 1687 N—R;
1221 1653 1372 1680 conficitur
1399 1653 1432 1680 O.
1459 1667 1495 1671 —

195 1689 227 1719 3.
255 1688 272 1715 5
293 1689 381 1716 Panis
403 1690 443 1715 sic
466 1690 486 1715 I.
509 1703 544 1707 —
564 1689 596 1718 4,
627 1690 644 1717 3
665 1690 735 1717 Cum
759 1691 803 1716 sit.
826 1705 861 1709 —
882 1690 913 1722 4,
934 1690 952 1717 4
973 1691 1044 1718 fehlt
1066 1693 1102 1722 ις
1130 1692 1212 1718 'runc
1226 1693 1282 1718 erit
1301 1693 1443 1719 veraciter
1465 1690 1495 1721 C,

192 1727 232 1754 Et
257 1731 324 1753 tunc
353 1731 395 1754 est
423 1727 456 1753 N.
478 1743 513 1746 —
534 1726 565 1757 4.
594 1728 611 1754 4
636 1737 698 1763 sqq.
727 1729 825 1755 lauten
851 1730 881 1755 in
903 1730 937 1755 B:
966 1729 1006 1756 Et
1026 1739 1083 1756 non
1111 1732 1154 1755 est
1174 1731 1318 1756 veraciter
1342 1730 1346 1763 Ι
1370 1730 1496 1764 Sanguis

193 1764 302 1791 Christi
336 1767 456 1791 mixtum
482 1765 486 1795 Ι
511 1766 668 1792 Credamus
696 1768 885 1793 communiter
909 1764 912 1800 Ι
935 1767 1041 1794 Verum
1073 1772 1101 1794 et
1131 1768 1328 1794 constrictum.
1356 1783 1390 1787 —
1417 1765 1449 1797 4,
1479 1765 1496 1794 5

194 1802 301 1829 Christi
324 1803 442 1836 sanguis
464 1805 485 1829 C
508 1803 534 1829 H
557 1804 654 1830 L—R.
675 1819 711 1822 —
732 1804 760 1835 4,
793 1803 810 1830 7
832 1804 937 1831 Verum
961 1809 989 1832 et
1009 1815 1068 1832 non
1088 1805 1123 1831 N.
1144 1821 1179 1825 —
1201 1804 1233 1837 5,
1254 1803 1272 1832 3
1292 1805 1364 1833 Tale
1384 1806 1408 1833 B
1429 1804 1452 1832 C
1472 1805 1497 1833 G

192 1841 219 1866 H
243 1840 267 1866 L
292 1841 322 1866 P.
345 1855 379 1859 —
401 1840 433 1867 5.
460 1842 477 1866 4
499 1843 610 1868 cunetis
631 1841 764 1869 fidelibus
785 1842 815 1868 M
836 1842 870 1868 Ο.
891 1857 927 1860 -
949 1842 983 1876 5,
1008 1842 1025 1870 5
1046 1844 1152 1870 Verum
1174 1844 1382 1870 nutrimentum
1405 1844 1439 1871 A.
1460 1857 1498 1862 —

191 1877 217 1904 5.
230 1876 247 1904 6
258 1878 372 1905 Iudaeis
384 1879 556 1913 negantibus
569 1880 590 1905 1.
600 1894 634 1898 —-
644 1880 731 1906 Nicht
743 1881 929 1915 eingetragen
941 1882 1006 1908 sind
1017 1881 1063 1908 die
1075 1881 1235 1908 Variantaen
1246 1880 1497 1910 ausDEFKST.

267 1916 301 1942 In
326 1917 380 1943 den
407 1917 491 1943 Anal.
516 1918 622 1951 Hymn.
649 1919 715 1949 (IX.
747 1918 796 1944 Nr.
825 1917 872 1951 46)
898 1919 937 1945 ist
963 1919 1058 1946 dieser
1077 1919 1191 1954 Tropus
1219 1919 1309 1946 sehon
1333 1920 1497 1956 mitgeteilt,

191 1954 261 1980 aber
281 1954 325 1980 als
347 1957 493 1990 Sequenz,
519 1955 562 1981 als
589 1956 697 1982 welche
724 1964 754 1983 er
782 1956 855 1982 auch
882 1958 1040 1984 vereinzelt
1065 1957 1238 1984 vorkommt.
1278 1958 1352 1984 Hier
1373 1957 1497 1986 beiden

191 1992 306 2026 Tropen
334 1993 418 2019 sollte
447 2001 477 2018 er
503 1994 681 2020 namentlieh
702 1993 822 2021 deshalb
843 1994 923 2021 nicht
943 1995 1054 2026 fehlen,
1081 2003 1129 2022 um
1151 1996 1215 2022 sein
1234 1995 1316 2022 Alter
1336 1996 1395 2023 und
1416 1997 1496 2023 seine

193 2029 387 2065 Vei-breituug
407 2029 504 2056 klarer
525 2031 731 2063 festzustellen,
752 2031 789 2057 da
810 2032 848 2058 im
870 2032 1076 2060 bezeichneten
1096 2033 1196 2060 Bande
1217 2042 1336 2060 unserer
1356 2035 1499 2061 Analecta

193 2076 249 2094 nur
270 2068 297 2094 H
319 2068 361 2094 als
384 2068 485 2101 Quelle
507 2069 625 2095 benutzt
645 2078 712 2096 war.

485 2207 552 2237 320.
593 2208 722 2239 Sanctus
745 2209 817 2246 „Qui
838 2209 874 2240 de
895 2209 966 2240 sedo
987 2209 1192 2241 maiestatis“.

205 2297 235 2330 1.
262 2298 410 2339 Sanctus,
885 2301 916 2332 2.
943 2299 1091 2341 Sanctus,

266 2345 326 2384 Qui
352 2345 391 2376 de
417 2343 493 2374 sede
518 2344 692 2376 maiestatis
943 2346 1041 2384 Quem
1068 2348 1105 2378 ut
1129 2345 1222 2377 daret
1245 2347 1337 2387 virga
1360 2348 1457 2385 Iesse,

270 2393 361 2423 Venit
388 2391 429 2424 ad
456 2400 512 2422 nos
538 2390 643 2422 ferens
668 2393 768 2433 gratis
944 2393 1082 2433 Tempus
1105 2396 1175 2424 erat
1199 2397 1231 2425 et
1255 2403 1392 2437 necesse,

265 2440 401 2471 Nostrae
426 2438 539 2470 molem
569 2440 777 2478 paupertatis,
946 2440 1076 2472 Cunctis
1102 2440 1187 2472 valet
1211 2450 1295 2473 nunc
1321 2443 1486 2482 prodesse.
