1650 2659
197 498 225 521 a.
253 489 366 528 Kyrie,
392 486 542 525 Sabaoth,

249 535 345 566 iudex
371 535 510 574 dionem,

717 158 950 193 —96—

662 320 703 351 31.
742 317 840 358 Kyrie
860 318 1003 349 Sabaoth.

821 418 848 449 1.

875 485 905 516 b.
933 484 959 516 O
984 485 1085 523 theos»,
1111 484 1270 526 sinthesiS,

934 536 1074 570 cunctae,
1101 531 1239 573 kiranos,

254 592 345 624 unus,
371 582 473 623 nobis,
497 590 553 612 rex
580 581 726 620 omnium,
934 583 1005 610 tuae
1031 580 1131 610 nostri
1155 579 1304 620 imaginis

255 630 382 662 eleison.
932 627 1059 658 eleison.

579 731 606 756 c.
635 723 690 765 Tu,
718 727 809 762 pater
833 722 934 764 hagie,

636 770 731 805 Deus,
760 770 854 806 eleos,

635 818 794 858 elegorum
818 816 977 856 propitius

637 866 765 897 eleison.

817 932 849 962 2.

197 1008 225 1032 a.
253 998 387 1035 Christe,
414 999 475 1029 tuis
501 1005 595 1029 verae
622 998 700 1029 lucis
874 997 902 1028 b.
929 996 1021 1028 Doxa
1046 996 1158 1035 patris,
1187 995 1321 1036 Christe,
1348 997 1425 1028 Iesu

252 1045 353 1077 helios
378 1044 493 1081 factus,

252 1093 304 1131 qui
331 1100 432 1123 mesos
458 1092 558 1131 patris

252 1139 292 1171 ab
315 1140 485 1171 Ierusalem

932 1043 1061 1079 sacculi,
1088 1052 1188 1083 ymas,

585 1092 709 1132 pulsum
934 1091 1047 1130 quibus
1073 1099 1105 1122 es
1131 1094 1254 1122 stauros
1280 1094 1409 1122 mortem

932 1147 1044 1177 passus
1070 1146 1231 1180 innocens,

252 1187 483 1227 protoplastum
510 1186 681 1225 redemisti,
935 1187 1143 1217 condonando
1166 1185 1349 1224 peccamina

253 1234 380 1266 eleison.

933 1233 1062 1265 eleison.

578 1338 604 1360 c.
631 1329 818 1369 Athanatos,
846 1328 931 1367 apud
958 1333 1081 1367 patrem

634 1377 687 1414 qui
712 1384 830 1413 manes,
857 1374 960 1406 factus

635 1432 693 1462 pro
719 1423 808 1454 nobis
835 1427 866 1453 et
891 1432 928 1454 ex
954 1423 1056 1458 nobis,

635 1470 770 1509 Christe,
797 1470 952 1510 thanatos,

635 1522 845 1557 peccatorum,
873 1526 940 1548 cum
968 1518 1102 1556 veneris,

637 1565 764 1597 eleison.

818 1660 849 1692 3.

202 1736 230 1759 a.
257 1725 369 1766 Kyme,
396 1729 488 1764 pater
512 1725 604 1764 alme,
875 1725 907 1761 b,
935 1725 1059 1757 Summe
1083 1726 1170 1758 Deus
1196 1726 1370 1766 paraclite„

259 1772 390 1804 verbum
403 1773 526 1813 summi,
541 1773 677 1812 Christe,
694 1773 805 1813 patris,
933 1773 1021 1804 theos
1048 1775 1149 1814 patris
1174 1774 1316 1816 univoce,

256 1820 324 1851 eius
349 1829 420 1851 cum
445 1829 492 1861 eo,
935 1829 1060 1861 semper
1086 1821 1215 1854 consule

256 1868 453 1899 microcosmi
480 1867 626 1909 basileus,
936 1868 1119 1909 imploranti
1144 1869 1307 1908 ecclesiae,

256 1915 384 1946 eleison.

937 1916 1065 1948 eleison.

581 2018 606 2040 c.
634 2011 730 2050 Odas,
756 2011 848 2051 alme,
874 2011 1035 2044 thebatico

638 2057 721 2096 quod
746 2058 863 2098 ubique
889 2058 938 2096 fit,
964 2059 1099 2092 Domino

637 2105 686 2136 eia
710 2110 859 2145 personet

638 2161 698 2183 vox
723 2158 908 2191 precantum
932 2154 1130 2195 suppliciter,

642 2200 769 2233 eleison.

261 2293 348 2328 Trop.
374 2301 425 2320 ms.
446 2293 681 2320 Emmeramense
707 2295 776 2320 anni
805 2291 961 2323 1024—36.
1002 2295 1072 2322 clm.
1094 2296 1246 2322 Monacen.
1269 2295 1377 2324 14:322.
1398 2297 1433 2325 A.
1454 2314 1491 2319 ἡ

185 2333 273 2368 Trop.
294 2340 346 2358 ms.
369 2330 605 2358 Emmeramensc
626 2339 700 2357 saec,
723 2330 794 2358 ¹¹f‘12.
836 2332 908 2359 Clm.
922 2333 1074 2361 Monacen.
1098 2331 1204 2361 14083.
1219 2335 1251 2361 B.
1272 2349 1309 2353 —
1329 2336 1417 2371 Trop.
1438 2346 1492 2364 ms.

186 2371 388 2398 Germanicum
415 2377 490 2396 saec.
520 2367 563 2395 12.

614 2369 683 2396 Cod.
711 2369 841 2404 Angelic.
868 2369 932 2398 948.
958 2372 988 2398 C.
1017 2385 1054 2390 -—-
1079 2371 1167 2406 Trop.
1195 2381 1246 2399 ms.
1275 2372 1491 2402 Ottoburanum

189 2417 264 2436 saec.
287 2405 330 2434 12.
371 2406 443 2434 clm.
463 2407 615 2434 Monacen.
636 2404 741 2434 27130.
762 2408 798 2434 D.
819 2422 856 2426 —
876 2409 962 2445 Trop.
984 2418 1036 2436 ηις.
1051 2410 1268 2438 cremifanense
1289 2419 1364 2438 saec.
1387 2409 1431 2438 12.
1453 2414 1492 2440 in.

188 2448 258 2475 Cod.
279 2446 436 2473 cremifan.
456 2443 522 2473 309.
541 2445 576 2472 Ε.
599 2460 633 2464 -
655 2445 736 2472 Miss.
757 2454 808 2473 ms.
825 2445 997 2474 Secoviense
1021 2455 1093 2474 saec.
1117 2447 1160 2475 12.
1182 2456 1226 2475 ex.
1267 2448 1336 2476 Cod.
1351 2450 1492 2478 Graecen.
