1650 2659
721 142 766 148 -
814 122 883 158 364
915 129 977 147 ·-—

205 222 265 251 5a.
293 219 382 251 Haec
407 220 551 251 ascendit
577 220 666 259 virga
691 217 779 260 fumi,
887 219 949 253 5b.
977 219 1076 258 Quam
1102 218 1206 250 effecit
1231 220 1399 258 universis,
1432 251 1435 254 ,

346 266 453 299 Pulvis
478 267 716 307 pigmentarius,
1021 266 1088 304 Qua
1116 266 1161 297 nil
1187 265 1255 297 Deo
1281 266 1395 299 carius.

206 344 268 375 62.
296 343 384 374 Haec
409 342 551 374 ascendit
578 343 617 374 de
644 342 769 373 deserto
887 341 946 375 Gb.
974 341 1081 373 Enixa
1105 349 1202 381 super
1229 341 1357 383 dilecto,

341 389 469 422 Cunctis
495 398 605 421 carens
632 389 726 431 vitiis,
1018 387 1163 421 Affluens
1191 389 1314 421 deliciis

699 466 728 500 7.
754 465 798 496 In
824 464 962 499 excelsis.

272 540 352 566 Miss.
375 550 427 566 ms,
448 541 666 568 sarisburiense
686 541 709 571 (?
719 540 914 571 Londinense)
935 549 1008 567 saec.
1035 538 1077 569 13.
1099 548 1143 566 ex.
1174 540 1244 567 cod.
1260 540 1383 567 Parisin.
1400 541 1500 568 Arsen.

196 576 317 642 {331—
337 576 395 609 51»,
427 577 440 604 l
463 578 582 605 Scheint
609 579 744 606 verderbt
765 587 801 605 zu
821 579 898 610 seim
926 578 1000 605 auch
1023 577 1074 604 der
1093 578 1176 606 Reim
1197 579 1236 605 ist
1256 579 1371 605 unrein.
1394 592 1427 596 —
1449 576 1502 610 6b,

257 617 264 642 i
280 620 382 642 ectum.

567 717 631 747 373.
673 717 815 748 flosanna
839 717 956 754 „Laude
979 718 1123 747 canora“.

647 782 697 808 De
725 783 842 808 Beata
868 782 985 808 Maria
1006 782 1039 807 V.

696 869 726 901 1.
753 867 924 908 Hosmma,

202 944 259 976 2a.
287 943 397 975 Laude
422 952 535 974 canora
884 943 944 976 2b.
972 943 1055 982 Quae
1081 948 1127 975 est
1153 952 1267 975 sonora

336 991 496 1031 Fulgescit
522 990 645 1022 Mariae
1017 991 1134 1023 Salutis
1161 991 1315 1022 humanae

383 1037 547 1075 Memoria,
1066 1038 1268 1078 Symphonia.

202 1114 262 1147 3a.
291 1113 453 1152 l'irginum
479 1116 512 1144 tu
538 1113 710 1153 speculum,
885 1113 946 1146 3b.
974 1113 1038 1144 Fac
1065 1123 1120 1144 nos
1147 1114 1209 1145 tuis
1235 1113 1384 1154 precibus

289 1162 387 1200 Quam
414 1169 471 1199 per
496 1169 587 1191 omne
613 1160 769 1192 saeculum
971 1161 1060 1192 Caeli
1085 1162 1171 1201 iungi
1198 1161 1319 1193 civibus

336 1207 433 1239 Decet
459 1208 527 1238 laus
553 1211 584 1238 et
609 1207 727 1247 gloria3
1018 1209 1053 1240 In
1079 1212 1208 1240 aeterna
1235 1209 1350 1248 patria.

200 1284 261 1317 4a.
288 1283 409 1321 Regina
434 1282 688 1324 clementissima,
883 1283 944 1316 4b.
971 1283 1096 1315 Intacta
1122 1283 1181 1315 Dei
1207 1285 1360 1324 genetriX,

290 1331 476 1362 Sanctarum
502 1330 710 1371 sanctissima,
968 1330 1066 1369 Opem
1094 1331 1177 1362 ferto
1203 1332 1327 1363 miseris

339 1377 414 1408 Cum
441 1386 536 1417 prece
563 1377 708 1409 continua
1016 1378 1058 1409 Et
1085 1379 1247 1417 precando
1274 1388 1426 1419 prospera

338 1424 457 1456 Nostra
483 1424 552 1456 dele
578 1425 770 1464 peccamina.
1014 1427 1136 1458 Cuncta
1162 1427 1282 1465 repelle
1307 1428 1414 1459 noxia.

202 1502 261 1533 5a.
291 1500 382 1540 Riga‚
409 1500 634 1540 supplicamus,
663 1509 740 1532 arva
885 1500 945 1534 5b.
970 1502 1038 1540 lugi
1063 1510 1169 1540 prece,
1195 1500 1349 1543 piissima,

338 1548 478 1580 Pectoris
504 1548 633 1588 intima;
1018 1549 1193 1580 Psallentes
1220 1549 1314 1581 visita

587 1626 618 1656 6.
645 1623 687 1654 Et
713 1627 766 1654 tua
792 1633 849 1662 per
872 1624 986 1656 merita

645 1671 689 1702 Te
714 1669 880 1702 laudantes
906 1671 1041 1703 laetifica

690 1717 732 1749 In
760 1719 899 1751 excelsis.

269 1793 350 1819 Miss.
372 1800 422 1819 ms.
446 1792 663 1820 Sarisburiense
683 1792 909 1827 (?L0ndinense)
930 1801 1005 1821 saec.
1029 1792 1071 1821 13.
1093 1803 1135 1821 ex.
1167 1794 1236 1822 eod.
1252 1795 1378 1823 Par-isin.
1394 1797 1495 1823 Arsen.

195 1828 256 1858 135.
278 1845 314 1848 —
335 1831 390 1857 Mit
410 1830 544 1857 Melodie.
566 1845 602 1848 —
623 1830 676 1860 2b‚
701 1829 713 1858 1
736 1832 817 1864 Quae
839 1839 877 1859 es.
899 1847 936 1852 -—
958 1831 1008 1864 312,
1035 1831 1046 1858 1
1068 1832 1126 1859 Fac
1147 1834 1206 1859 tuis
1228 1834 1361 1868 precibus
1382 1841 1444 1861 nos.
1459 1849 1496 1853 -

190 1869 316 1897 Auslaut
338 1868 410 1894 aller
431 1868 573 1903 Sirophen
594 1869 646 1896 auf
662 1875 690 1897 a.

576 1998 642 2030 374.
682 1999 825 2030 hosanna
847 1998 967 2037 „Gaude
989 2000 1106 2039 virg0“.

578 2063 628 2089 De
656 2064 769 2091 Beata
795 2064 915 2091 Maria
942 2064 1109 2100 Virgine.

651 2149 680 2182 1.
708 2149 870 2181 Hosanna
899 2167 941 2172 —-

201 2228 260 2258 2a.
287 2223 411 2265 Gaude,
439 2223 537 2263 virgo,
563 2228 664 2255 mater
690 2224 760 2265 Dei,
880 2225 942 2258 2b.
970 2226 1092 2264 Gaude,
1119 2235 1239 2258 summa
1264 2233 1392 2260 nostrae
1413 2230 1493 2269 spei,

336 2271 458 2308 Gaude,
483 2274 624 2302 nostrum
646 2271 809 2310 gaudium,
1015 2273 1136 2312 Gaude,
1163 2274 1252 2313 virgo
1278 2275 1444 2315 virginum.

201 2351 262 2384 3³.
289 2348 410 2385 Gaude,
439 2347 526 2378 cuius
551 2347 783 2386 redemptorem
880 2349 942 2381 3b.
969 2349 1081 2381 Gaude
1107 2349 1194 2380 cuius
1219 2351 1408 2382 salvatorem

333 2395 512 2428 Ediderunt
538 2395 659 2426 viscera
674 2406 682 2432 ς
1012 2396 1227 2429 Lactaveruut
1251 2396 1362 2430 ubera.
