1650 2659
847 111 914 147 128

573 218 599 243 e.
628 209 738 241 Laude
764 213 817 240 tua
843 208 972 240 laudum
998 217 1091 240 voces

622 257 679 288 tibi
705 266 761 287 nos
787 256 995 297 modulamu3‚

622 313 678 336 rex
705 305 853 344 clemens,
882 304 1045 343 Dominus,

621 353 720 384 solum
747 360 839 392 quem
865 352 1018 384 condecet
1040 352 1194 394 hymnus3

621 400 734 440 gloria,
762 400 830 431 laus
856 404 888 431 et
913 400 1013 432 honor
1037 400 1145 432 mnndi

622 447 692 486 tibi,
717 447 843 480 Christe
869 447 1058 487 athanatos;

621 495 718 534 alpha
745 500 776 526 et
801 504 829 531 ο,
856 495 974 532 sother.
1001 503 1088 535 ymas

622 542 758 581 eleison;
784 543 888 583 Kyrie
914 542 1043 575 eleison.

298 628 384 655 Grad.
407 637 457 654 ms.
479 628 686 655 Cameracense
707 636 782 654 saec.
811 625 852 654 12.
893 626 963 654 eod.
986 627 1170 655 cameracen.
1191 626 1225 654 61
1247 626 1311 662 (60).
1332 641 1370 645 -
1390 625 1437 660 2ο,
1459 625 1477 653 2
1498 631 1531 654 tu

222 669 322 694 nostri.
346 681 381 684 —
402 664 454 697 31³,
476 664 494 693 4
514 666 644 701 digneris
665 666 784 692 eleison.

664 796 710 826 64.
753 794 850 834 Kyrie
872 803 930 826 rex
951 794 1095 834 henigne.

608 857 659 883 De
686 856 829 882 sanctis
858 854 1134 882 Innocentibus.

864 942 892 975 1.

240 1018 269 1040 a.
298 1009 409 1049 Kyrie,
438 1017 493 1040 rex
520 1008 664 1049 benigne⁷

296 1056 348 1095 qui
384 1060 566 1095 peremptos
595 1066 653 1096 pro
679 1061 710 1087 te
737 1057 850 1087 decore

297 1102 436 1134 infantes
464 1104 562 1135 donas
589 1103 709 1143 aethre,

297 1150 386 1182 nobis
413 1150 542 1183 eleison.

922 1009 952 1040 b.
980 1009 1005 1041 O
1033 1009 1128 1040 decus
1154 1009 1286 1048 puerile,

981 1065 1094 1096 agnum
1113 1065 1238 1095 semper
1254 1064 1386 1096 sequens
1403 1055 1530 1095 ubique,

980 1105 1062 1135 hunc
1089 1113 1147 1142 pro
1173 1103 1264 1135 nobis
1291 1105 1426 1143 deposce

980 1152 1105 1183 dicens:
1134 1151 1262 1183 eleison.

620 1245 647 1267 c.
676 1236 735 1267 Dei
761 1236 972 1276 agonithetae,

678 1284 730 1322 pia
756 1285 856 1315 nostri
882 1284 1041 1323 legatione

675 1330 834 1362 Christum
859 1331 949 1363 nobis
975 1332 1101 1370 placate

677 1377 800 1409 fantes:
829 1378 957 1410 eleison.

859 1474 877 1491 s)

860 1497 889 1505 ..-

243 1548 271 1572 a.
300 1538 435 1576 Christe,
462 1547 518 1570 nos
545 1539 685 1577 dignare,

297 1585 443 1625 quodque
469 1594 530 1618 non
557 1586 635 1618 viles
662 1585 803 1617 facturae

296 1636 368 1664 tuae
393 1642 510 1673 sumus,
537 1643 620 1664 nune
645 1642 820 1665 memorare

298 1684 391 1720 atque
417 1686 596 1712 sanctorum
622 1690 718 1720 prece

294 1727 384 1759 nobis
412 1728 540 1760 eleison.

920 1539 950 1570 b.
977 1539 1002 1571 Ο
1029 1538 1155 1570 suboles
1183 1537 1316 1576 faustae,

979 1591 1012 1616 ut
1038 1587 1147 1618 mundi
1173 1585 1313 1618 tenebris
1338 1590 1436 1626 satae,

978 1642 1051 1665 mox
1075 1634 1109 1665 in
1135 1633 1215 1666 caeli
1239 1633 1310 1665 luce
1334 1637 1492 1673 receptae,

980 1690 1035 1713 nos
1061 1682 1206 1713 iuvantes
1233 1680 1346 1713 dicite:

980 1729 1116 1768 Christe,
1143 1728 1273 1761 eleison.

618 1823 644 1847 c.
672 1813 815 1845 Infantes
841 1814 987 1849 caelicae¹

675 1862 738 1893 iam
762 1870 846 1893 nune
871 1862 975 1893 securi
1001 1861 1131 1902 gloriae,

674 1909 728 1940 ubi
754 1908 873 1941 floretis
901 1918 1005 1940 coram
1032 1917 1115 1949 rege,

674 1965 732 1988 nos
756 1956 800 1988 ibi
827 1957 980 1988 consulite

674 2003 795 2037 fantes:
823 2003 953 2036 eleison.

857 2092 888 2123 3.

918 2155 949 2188 b.
973 2156 1092 2197 Sancti,
1120 2165 1251 2195 quorum

235 2165 265 2188 a.
290 2154 403 2196 Kyme,
431 2155 483 2194 qui

339 2201 378 2234 ab
405 2203 541 2234 humano
567 2211 681 2243 genere

293 2258 402 2281 censes
429 2250 668 2282 restaurandum
697 2249 764 2282 fore

290 2298 435 2329 ordinem
461 2297 648 2338 angelicum,
674 2298 726 2337 pie,

292 2354 348 2377 nos
374 2348 516 2376 statuens
542 2346 730 2385 quandoque

290 2393 335 2425 ibi
361 2392 491 2425 eleison.

1023 2204 1117 2235 modo
1142 2202 1336 2243 triumphum
1363 2202 1488 2235 celebre

979 2250 1109 2282 colimus
1134 2250 1326 2288 memoriale,

975 2299 1054 2330 odas
1076 2301 1201 2329 nostras
1226 2300 1375 2337 acceptas
1400 2295 1483 2329 ferte

976 2355 1013 2377 ac
1037 2345 1127 2376 nobis
1153 2344 1344 2384 respondete

977 2395 1143 2425 canentes:
1167 2391 1297 2426 eleison.
