1650 2659
706 164 748 169 -—
799 146 962 181 358—-

257 238 345 274 Trop.
372 247 424 265 ms.
445 239 646 272 Casinenzem
672 247 747 266 saec.
778 237 821 266 11.
849 248 893 266 ex.
933 239 1005 268 Cod.
1023 239 1157 266 vatican.
1178 237 1284 265 Urbin.
1310 233 1377 264 602.
1398 236 1432 263 A.
1453 249 1493 254 —

180 275 268 310 Trop.
291 285 343 302 ms,
365 277 601 304 Beneventanum
622 284 697 304 saec..
721 274 763 303 12.
798 276 867 304 eod.
889 277 985 312 Capit.
1006 278 1203 304 Beneventan.
1224 272 1269 300 25.
1292 274 1324 300 B.
1345 287 1380 294 —
1401 273 1492 308 Trop.

182 321 234 340 ms,
249 313 487 341 Beneventanum
510 322 584 342 saec.
602 313 643 341 12.
678 313 749 341 Cod.
763 314 859 348 Capit.
871 315 1065 342 Beneventan.
1086 311 1133 340 26.
1147 313 1179 340 C.
1195 325 1231 330 —
1245 309 1300 342 2a,
1319 309 1337 338 3
1352 309 1493 337 mundum

182 359 263 377 suam
287 350 317 377 C.
338 365 375 369 —
396 351 452 384 221,
479 350 497 378 4
520 352 659 378 facturam
682 351 718 383 (ἒς
746 352 829 378 salva
849 352 886 384 Β,
914 353 1012 379 salvas
1033 350 1065 377 C.
1084 364 1122 370 -
1141 348 1200 380 2a,
1226 347 1243 375 5
1265 348 1370 375 inferni
1392 351 1497 383 portas

183 389 204 414 B
218 388 249 415 C.
264 402 300 406 —
315 387 368 419 2³,
388 388 404 416 6
425 389 590 424 confringes
606 392 638 416 O.
652 403 687 407 —
702 388 756 415 2b.
777 387 794 415 2
815 389 879 424 ipse
891 389 922 415 B.
937 403 974 408 —-
988 387 1042 420 21³.
1063 387 1081 415 4
1101 388 1216 414 levatus
1231 387 1270 415 A:
1291 386 1410 412 aethera
1426 385 1448 411 Β
1459 384 1492 411 C.

181 440 218 444 —
239 425 299 457 212,
320 426 337 453 5
359 435 471 461 semper
490 425 573 458 (statt
592 426 704 459 laudes)
722 427 745 453 B
771 426 801 453 C.
821 440 858 444 —
878 426 913 453 In
935 428 956 454 C
977 428 1016 453 ist
1035 425 1086 452 der
1104 424 1283 459 zugehiirige
1305 424 1500 451 Sanctnstext

182 465 303 499 tropiert
329 463 417 491 durch
444 465 491 492 die
519 464 686 499 prosaische
713 463 937 498 Interpolation:
967 464 1075 498 „Quem
1106 460 1260 490 Cherubim
1289 464 1318 488 et
1337 460 1494 496 Seraphim

182 510 240 528 non
262 500 399 545 fessam&
427 511 495 528 usw.
519 517 555 521 —
575 502 701 529 Melodie
729 501 803 527 wohl
829 500 924 536 gleich
947 502 1030 536 jener
1059 500 1109 527 des
1134 499 1382 534 Hosannatropus
1406 498 1496 534 „Qui

180 541 354 566 vemsti‘.

610 678 676 709 362.
718 677 862 708 Hosnnna
885 676 1060 716 „Mystiea“.

680 747 747 774 Die
774 747 991 774 Palmarum.

187 854 247 885 la.
273 852 414 892 Mystica
439 856 510 883 sunt
537 852 614 884 haec
639 852 754 890 omnia,
877 852 937 885 lb.
966 851 1065 883 Huius
1093 852 1156 883 diei
1182 851 1283 893 gloria

280 900 367 939 Quae
392 899 530 931 celebrat
557 899 691 931 eeclesia
960 899 1063 939 Digna
1089 903 1136 931 est
1162 899 1340 930 reverentia

325 948 361 979 In
387 948 447 979 hae
473 946 523 978 die
550 946 683 988 festiva3
1009 947 1149 986 Quadam
1176 947 1410 987 praerogativa.

194 1044 252 1076 2a.
282 1042 453 1073 Victoriam
481 1050 551 1073 nam
580 1041 688 1081 populi
876 1041 936 1075 2b.
964 1042 1061 1079 Quam
1089 1041 1197 1073 habuit
1223 1041 1262 1072 de
1287 1040 1401 1072 zabulo

280 1089 377 1121 Manu
401 1089 537 1128 figurant
562 1088 680 1120 surculi
961 1089 1110 1120 Confixus
1135 1089 1168 1120 iu
1193 1088 1336 1128 patibulo

326 1136 369 1168 Et
396 1135 525 1167 frondes
550 1136 714 1175 olivarum,
1007 1136 1204 1175 Redemptor
1229 1137 1428 1177 animarum3

526 1231 582 1263 2ο.
611 1230 706 1262 Cuius
733 1230 820 1269 prius
846 1231 1015 1261 versutiam

611 1277 724 1308 Nullus
750 1276 851 1309 evasit
877 1276 969 1308 etiam

658 1324 726 1355 Nee
752 1328 859 1355 coetus
885 1325 1122 1364 prophetarum.

196 1420 256 1452 3³.
283 1418 354 1449 Non
382 1422 471 1449 vacat
497 1426 516 1449 a
541 1418 701 1458 mysterio,
876 1417 936 1452 3b.
966 1417 1043 1450 Cum
1070 1423 1160 1450 extra
1186 1423 1309 1460 portam
1337 1419 1423 1450 filius

284 1465 371 1504 Quod
399 1470 429 1496 et
455 1465 545 1496 nobis
572 1466 708 1504 egressio
961 1465 1032 1503 Dei,
1058 1466 1180 1504 peccati
1206 1467 1341 1505 nescius,

327 1514 355 1544 A
383 1513 495 1543 castris
520 1512 705 1552 imperatur,
1011 1513 1186 1545 Crucifixus
1212 1513 1346 1554 legatur,

531 1608 588 1640 30.
616 1607 656 1638 Et
683 1607 714 1638 in
741 1607 817 1639 locis
846 1605 1011 1638 forinsecis

610 1655 661 1686 Ab
687 1654 903 1686 Hebraeorum
931 1654 1038 1695 pueris

658 1701 772 1734 Eidem
797 1702 962 1741 obviatur;

657 1749 821 1781 Hosanna
848 1749 883 1780 in
909 1749 1046 1784 excelsis,

261 1843 346 1877 Trop.
378 1852 429 1868 ms.
458 1842 656 1875 Casinense(‘?)
676 1851 751 1869 saec.
781 1841 824 1870 11.
854 1852 896 1869 ex.
944 1843 1012 1870 Cod.
1043 1844 1175 1871 Vatican.
1205 1845 1308 1873 Urbin.
1336 1843 1400 1873 602.
1429 1844 1494 1872 add„

187 1889 263 1908 saec.
285 1879 307 1895 ¹¹
325 1889 357 1907 ιε.
372 1895 408 1898 —
429 1878 481 1912 22,
504 1880 517 1907 1
539 1889 606 1907 nam
627 1881 707 1907 fehlt.
721 1895 758 1899 —-
772 1879 824 1913 22,
845 1879 862 1907 2
883 1882 914 1908 in
934 1890 1022 1908 manu
1043 1882 1182 1916 figuratur
1204 1883 1338 1910 surculis.
1352 1897 1389 1902 -—
1403 1881 1456 1916 21³,
1479 1882 1496 1910 1

187 1919 290 1945 habuit
305 1922 333 1944 et
348 1919 480 1944 zabulon.
492 1932 528 1936 —-
540 1916 587 1952 20,
604 1917 616 1944 1
633 1920 769 1946 versutia.
782 1933 818 1937 —
829 1916 880 1951 33,
895 1917 912 1946 2
924 1919 1007 1952 Quod
1022 1925 1067 1946 est
1076 1921 1170 1947 nobis.
1183 1937 1219 1941 —
1230 1919 1281 1953 3³,
1296 1919 1314 1948 3
1326 1922 1498 1958 imperator.

186 1971 222 1975 —-
244 1954 293 1985 Sc,
316 1955 330 1982 1
352 1955 520 1983 forinsecus.
544 1971 578 1975 —
600 1956 650 1988 ὃς,
671 1954 689 1983 3
709 1957 833 1984 obiatur.
855 1971 886 1975 —
911 1955 961 1989 30,
981 1956 999 1983 4
1019 1958 1100 1984 fehlt.
1115 1971 1151 1976 ——
1172 1958 1213 1985 Es
1234 1959 1328 1986 bleibt
1347 1959 1429 1986 mehr
1451 1959 1501 1986 als

187 1994 369 2024 zweifelhaft,
392 1995 428 2021 ob
449 1994 527 2020 diese
549 1994 705 2029 Dichtung,
727 1993 774 2021 die
795 1996 825 2022 in
846 1995 897 2022 der
911 1994 1013 2028 Quelle
1034 1995 1115 2022 nicht
1134 1996 1225 2024 niiher
1245 1997 1430 2025 erkenntlich
1445 2006 1499 2034 ge-

186 2032 283 2059 macht
307 2034 354 2063 ist,
375 2032 418 2057 als
441 2032 708 2068 Hosanna-Tropus
730 2032 886 2059 hehandelt
906 2033 1021 2060 werden
1041 2034 1113 2060 dax-f.
1145 2034 1227 2061 Auch
1247 2035 1297 2062 der
1314 2036 1379 2063 Tou
1400 2037 1440 2063 ist
1459 2044 1500 2063 zu

186 2070 320 2098 lehrhaft.

547 2208 612 2238 363.
654 2209 797 2240 flosanna
819 2209 935 2249 „Hagie
956 2209 1137 2242 altissime“.

222 2319 280 2352 la.
306 2316 480 2354 Hosanna,
508 2315 619 2356 Hagie,
903 2316 962 2350 1b.
990 2317 1127 2358 Adiuva,
1155 2317 1269 2358 libera,

308 2364 461 2396 altissime
988 2362 1138 2404 salvifica,

307 2411 454 2452 Domine,
985 2416 1119 2452 protege
1129 2422 1138 2454 ς
