1650 2659
621 122 880 157 —181—

176 219 260 254 Trop.
280 226 331 244 ms.
349 217 512 245 Romanum
539 224 613 244 saec.
638 215 710 245 ¹¹l12.
744 218 814 246 Cod.
830 219 964 246 Vatican.
985 217 1068 247 5319.
1091 235 1127 238 —
1150 220 1198 254 la,
1221 220 1238 247 4
1253 230 1348 256 regna.
1366 237 1401 241 —-

106 256 159 290 lb,
185 255 203 285 3
227 256 278 284 alti
303 254 382 284 fehlt.
403 269 440 275 —
459 253 518 288 2a,
541 254 561 282 4
585 256 706 283 verbum
727 261 854 292 propter.
877 271 912 276 -
933 255 992 289 3b,
1019 258 1036 282 :5
1057 267 1100 294 sq.
1122 264 1260 293 operante
1284 260 1400 287 dextera

103 299 166 328 tua3
192 298 241 322 tua
266 295 304 321 ist
330 292 406 321 wohl
433 294 486 320 mit
511 297 667 330 praecepta
693 304 729 322 zu
749 295 919 323 verbinden.
943 310 976 314 —
998 294 1053 327 3ο,
1081 296 1098 323 4
1119 302 1147 324 et
1170 307 1282 332 semper
1305 300 1341 324 in.
1367 313 1399 317 —

102 333 225 361 Meiodie
256 332 302 360 die
331 331 444 369 gleiche
472 332 519 359 fiir
544 333 574 368 je
605 331 666 359 drei
697 333 942 369 Strophenpaare.
967 349 1005 353 —
1032 336 1093 362 Das
1126 336 1240 371 Kyrie
1266 336 1402 366 {Chris-te)

104 371 243 399 eleison
262 370 330 407 geht
346 370 428 405 jeder
448 369 572 406 Strophe
594 379 710 398 vorans.

472 539 531 570 123.
562 539 661 578 Kyrie
683 547 738 580 per
760 548 849 578 quem
870 539 1025 571 subsistit.

731 648 761 679 1.

487 733 516 756 a.
544 723 655 763 Kyrie,
684 733 742 763 per
767 733 857 763 quem
885 723 1029 756 subsistit

542 771 643 803 omnis
670 774 827 811 creatura⁷

542 822 634 859 pater
659 827 791 860 summ?‚
818 820 949 851 eleison.

112 921 140 954 b.
168 922 260 962 Origo
285 923 372 962 pacis
397 931 434 954 ae
459 923 581 963 salutis,
795 932 820 958 c,
848 925 915 956 Rex
943 925 1121 962 lneffabilis‚
1148 929 1279 957 naturae

165 979 226 1009 pax
251 969 446 1009 indeficiens,
848 981 1006 1011 nunquam
1029 973 1224 1013 alterandae,

166 1017 247 1049 salus
273 1018 391 1060 mundi,
418 1018 546 1051 eleison.
845 1028 970 1058 semper
995 1020 1089 1054 idem,
1117 1020 1246 1052 eleison.

727 1124 746 1142 0

728 1144 758 1156 fl·

484 1208 515 1233 a.
541 1198 677 1236 Christe,
705 1199 809 1238 genite

539 1246 691 1286 genitoris
716 1247 849 1288 aeterni,

541 1303 676 1332 regnans
703 1294 825 1333 pariter

541 1341 609 1373 iure
635 1342 716 1381 pari,

540 1390 657 1420 virtute
683 1389 789 1423 simili,

538 1437 593 1468 lux
620 1436 659 1468 de
685 1437 765 1475 luce,
794 1437 924 1468 eleison.

101 1537 130 1570 b.
154 1538 272 1572 Lumen
300 1541 338 1572 de
364 1540 490 1583 lumine,
784 1550 811 1574 e.
836 1542 914 1574 Flos
940 1542 1057 1574 radicis
1082 1542 1177 1582 Iesse,

156 1591 350 1627 coaeternus,
377 1597 543 1628 coaequus⁷
838 1590 910 1620 vitis
938 1598 1023 1630 vera,
1051 1597 1106 1621 rex
1132 1590 1195 1632 pie,

155 1635 263 1667 mortis
288 1637 442 1675 perditor,
838 1637 944 1677 lapsos
971 1638 1024 1676 qui
1050 1639 1140 1677 potes

156 1683 251 1714 vitam
276 1683 366 1715 nobis
837 1685 980 1716 relevare

155 1733 208 1762 tuo
232 1730 310 1763 dans
336 1731 455 1769 funere,
836 1741 896 1772 ope
922 1741 1032 1763 manus
1058 1736 1140 1771 tuae,

153 1777 214 1809 iam
241 1778 381 1819 delapsis
408 1780 538 1814 eleison.
836 1779 927 1811 nobis
954 1780 1091 1811 clemens
1117 1780 1247 1812 eleison.

476 1980 505 2004 a.
533 1971 645 2011 Kyrie,
675 1970 808 2011 spiritus
834 1971 926 2007 alme,

536 2027 636 2050 nexus
662 2022 693 2049 et
718 2027 810 2051 amor
835 2018 1007 2058 utriusque,

534 2071 588 2098 tuo
614 2075 670 2098 nos
696 2074 826 2098 munere

533 2115 726 2146 illustrando
752 2113 882 2146 eleison.

91 2216 122 2250 b.
147 2218 248 2260 Reple
273 2218 453 2260 septiformi
775 2228 802 2252 c.
830 2219 927 2251 Trine
953 2228 1008 2250 rex
1035 2223 1065 2250 et
1091 2227 1161 2260 une,

147 2276 204 2299 nos
230 2276 370 2309 munere,
832 2274 944 2306 preces
969 2270 1093 2299 nostras

148 2323 210 2355 quo
242 2324 300 2348 nos
334 2316 475 2356 repletos
507 2314 569 2347 tibi
593 2314 701 2356 iunge,
830 2314 903 2354 pius
928 2314 1072 2355 admitte⁷
1098 2316 1132 2345 ut
1158 2314 1296 2354 gaudere

145 2364 263 2396 nostris
288 2362 473 2404 pectoribus
831 2366 936 2394 tecum
961 2365 1015 2394 tua
1041 2361 1117 2395 sede

145 2409 318 2452 illabendo,
345 2411 475 2444 eleison.
830 2419 1017 2452 mereamur,
1046 2410 1174 2442 eleison.
