1650 2659
726 129 985 164 —124—

373 229 402 262 b.
431 229 492 261 Par
518 227 636 258 deitate
661 225 800 266 quidem,
827 225 938 266 dispar
961 225 1053 258 homo
1079 229 1172 259 natus
1195 226 1310 267 eidem,

595 273 731 312 eleison3
759 273 890 306 Christe
915 273 1043 307 eleison.

374 380 400 402 c.
427 370 486 410 Qui
512 370 617 401 venies
643 369 756 400 iterum
785 368 880 400 iudex
906 369 936 400 in
965 368 1027 401 fine
1053 369 1186 409 dierum,

595 416 732 457 eleison,
761 416 887 449 Christe
912 416 1040 450 eleison.

841 522 871 555 3.

371 608 399 630 a.
429 597 566 637 Spiritus
592 595 766 636 amborum,
793 597 950 628 mediator
974 605 1123 638 amorque
1149 598 1292 639 duorum,

595 644 732 683 eleison3
765 644 863 684 Kyrie
888 643 1016 678 eleison.

367 739 397 771 b.
425 740 537 771 Gratia
563 740 746 779 communis,
772 739 855 779 illos,
882 748 960 779 quos
986 739 1088 779 iungis
1113 743 1145 770 et
1167 740 1250 781 unis,

593 787 729 826 eleison3
758 786 860 826 Kyrie
883 786 1011 819 eleison.

374 890 400 913 c.
427 881 546 921 Culpae
571 881 706 919 laxator,
733 881 907 913 animarum
933 881 1159 921 sanctificator,

594 929 732 967 eleison,
759 928 861 968 Kyrie
888 928 1014 962 eleison.

280 1023 369 1057 Trop.
398 1032 450 1049 ms.
477 1023 664 1050 Narbonense
691 1032 765 1050 saec.
795 1021 837 1050 12.
885 1023 954 1051 Cod.
983 1024 1108 1050 Parisin.
1141 1021 1203 1050 778.
1226 1022 1290 1050 add.
1312 1030 1387 1050 saec.
1410 1019 1453 1049 13.
1474 1036 1512 1041 -—

203 1062 260 1087 Str.
287 1060 325 1087 la
347 1061 405 1088 und
428 1060 468 1087 lb
489 1061 664 1096 umgesteut.
686 1076 722 1079 —
743 1062 798 1088 Die
814 1062 988 1089 Hexameter
1008 1061 1104 1089 haben
1125 1061 1182 1088 alle
1199 1062 1300 1088 reinen
1316 1061 1500 1088 Biunenreim

598 1209 643 1240 59.
685 1210 783 1249 Kyrie
806 1210 886 1245 „Rex
908 1209 958 1250 pie
979 1212 1117 1250 regnm“.

849 1310 877 1341 1.

294 1382 324 1405 a.
352 1373 420 1405 Rex
446 1374 508 1413 pie,
535 1383 590 1407 rex
617 1383 739 1414 regum,
766 1383 901 1414 regnans
925 1384 944 1406 o
969 1375 1096 1407 Christe
1120 1384 1177 1414 per
1202 1383 1328 1416 aevum,

445 1422 543 1453 nostri
570 1426 602 1454 tu
629 1431 754 1461 semper
779 1422 916 1464 eleis003
940 1423 1043 1463 Kyrie
1068 1422 1195 1454 eleison.

293 1513 322 1546 b.
351 1515 409 1553 Qui
434 1525 529 1555 mare,
557 1517 609 1556 qui
635 1521 751 1556 terras,
779 1518 858 1549 caeli
883 1518 936 1558 qui
962 1521 1089 1557 sceptra
1113 1518 1283 1558 gubernas,

445 1564 544 1594 nostri
570 1568 604 1595 tu
628 1573 754 1604 semper
779 1565 916 1606 eleison,
943 1565 1045 1606 Kyrie
1071 1565 1199 1598 eleison.

298 1664 324 1687 c.
354 1656 456 1688 Noxia
483 1657 658 1699 depellens.
686 1660 849 1698 culparum
877 1659 985 1691 debita
1010 1660 1149 1699 solvens,

448 1706 546 1736 nostri
573 1709 605 1737 tu
631 1715 755 1746 semper
781 1707 916 1747 eleis0n3
943 1707 1047 1747 Kyrie
1072 1707 1199 1740 eleison.

843 1803 873 1833 2.

299 1873 327 1896 a.
355 1864 413 1903 Qui
438 1874 534 1906 super
558 1871 644 1898 astra
669 1867 774 1905 sedes,
803 1868 885 1907 patri
913 1868 1030 1900 deitate
1057 1869 1199 1907 coheres,

448 1922 503 1945 nos
527 1917 558 1944 te
585 1923 739 1954 rogamus,
767 1915 903 1956 eleison3
932 1915 1058 1948 Christe
1083 1916 1211 1950 eleison.

298 2006 329 2040 b.
356 2006 401 2038 Es
426 2008 499 2046 quia
523 2017 626 2039 sermo
651 2007 755 2048 patris
777 2010 891 2041 summi
915 2015 1083 2050 reparator
1108 2015 1139 2043 et
1164 2010 1265 2051 orbis,

449 2063 504 2086 nos
531 2059 562 2086 te
585 2065 740 2097 rogamus,
768 2057 902 2096 eleisonq
931 2057 1058 2090 Christe
1083 2059 1210 2092 eleison.

300 2157 328 2183 c.
355 2149 437 2191 Lux,
465 2150 524 2187 via,
552 2151 624 2188 vita,
653 2151 752 2191 salus,
779 2161 861 2194 spes,
887 2162 960 2192 pax,
987 2154 1155 2193 sapientia,
1182 2153 1297 2195 virtus,

451 2206 508 2229 nos
532 2201 564 2229 te
589 2208 744 2240 rogamus,
771 2200 909 2241 eleison3
937 2201 1064 2233 Christe
1086 2201 1214 2233 eleison.

853 2296 883 2328 3.

303 2368 332 2391 a.
360 2358 423 2391 Hic
446 2359 504 2391 tibi
530 2359 599 2391 laus
626 2365 764 2401 resonet,
791 2360 905 2393 chorus
931 2362 982 2394 hic
1007 2361 1039 2393 in
1066 2361 1160 2394 laude
1185 2362 1331 2405 resultet,

452 2407 558 2439 Morte
584 2411 638 2440 tua
663 2408 837 2448 redemptis
863 2409 965 2450 Kyrie
989 2408 1117 2443 eleison.
