1650 2659
708 166 751 171 —
802 148 867 183 271
920 169 967 175 —

822 246 854 278 3.

182 319 215 342 a.
243 308 326 349 Iesu,
351 308 512 348 miserere,
869 312 899 346 b.
926 313 975 345 Da
1003 314 1082 346 bene
1107 314 1224 353 vivere,

243 356 390 388 Salvator
413 361 556 388 nostrum
581 358 730 395 omnium,
927 361 1083 393 Mundum
1097 362 1225 393 tandem
1238 371 1399 404 spernere,
1418 369 1491 404 post

289 407 323 435 tu
347 412 422 435 vere
975 414 1005 440 te
1032 410 1088 450 ire,

243 451 309 483 Fac
335 451 374 483 de
399 452 539 492 peccatis
565 453 705 492 peractis
928 456 977 487 Da
1002 457 1032 488 in
1062 457 1183 488 dextris
1209 458 1309 497 patris
1336 462 1439 490 tecum

288 498 340 530 hic
365 499 484 539 dolere,
975 504 1184 544 congaudere,

289 546 350 588 Qui
368 546 456 578 sedes
473 565 519 569 —
536 549 687 580 miserere
703 549 806 581 nobis.
975 552 1136 592 (Quoniam
1163 554 1196 583 tu
1221 551 1307 584 solus
1333 557 1474 588 sanctus.

819 617 850 648 4.

184 690 214 713 a.
243 678 290 712 Ob
311 679 372 711 hoc
397 682 452 711 tua
477 682 579 720 gratia
869 681 898 714 b.
926 683 974 714 Tu
1000 692 1107 723 regum
1134 693 1190 714 rex
1216 685 1399 726 altissimus,

242 726 308 758 Nos
333 727 418 758 omni
444 727 526 759 bono
553 729 633 760 satia
927 730 975 761 Tu
1002 731 1198 763 dominorum
1225 731 1378 764 Dominus

242 773 364 806 Locans
391 783 460 806 cum
488 777 606 807 sanetis
632 777 665 808 in
691 776 805 817 patria,
928 777 1015 808 Dans
1034 779 1167 810 salutem
1186 780 1302 810 nostris
1321 780 1491 818 mentibus,

287 822 337 854 Tu
361 822 450 854 solus
475 822 651 862 Dominus,
974 826 1025 856 Tu.
1050 827 1136 858 solus
1163 826 1349 859 altissimus.

465 910 497 941 5.
524 909 560 940 In
587 909 718 940 caelesti
744 910 842 949 curia,

517 955 706 987 Sanctorum
734 957 787 996 qui
813 966 846 987 es
873 957 984 997 gloria,

517 1003 567 1034 Da
592 1008 722 1036 aeterna
748 1005 874 1043 gaudia,

562 1051 637 1082 Iesu
664 1049 799 1090 Christe,
825 1061 897 1083 cum
922 1054 1034 1083 sancto
1059 1051 1177 1091 spiritu

561 1098 597 1129 in
620 1098 724 1138 [floria
751 1098 815 1130 Dei
835 1099 955 1138 patris.

258 1181 342 1208 Cant.
362 1191 415 1209 ms.
436 1183 624 1209 Bohemieum
647 1184 717 1209 anui
741 1181 821 1209 1512.
856 1183 925 1210 Cod.
947 1184 1022 1210 Mus.
1044 1184 1163 1211 Bohem.
1185 1184 1258 1210 XIII
1278 1184 1303 1210 A
1325 1182 1350 1210 2.
1372 1199 1408 1203 —
1431 1183 1454 1216 1,
1477 1194 1493 1211 a

184 1219 198 1247 1
220 1219 302 1246 Patri
323 1223 359 1247 et.
380 1235 415 1238 —
440 1220 492 1253 la,
521 1219 538 1247 2
559 1230 616 1257 que
637 1220 717 1248 fehlt.
739 1235 776 1239 —
800 1220 855 1252 la,
877 1220 894 1248 6
916 1222 1039 1248 excelsis
1059 1229 1161 1258 rgegen
1182 1221 1237 1248 den
1258 1222 1360 1256 Reim).
1382 1239 1417 1242 —
1442 1222 1490 1255 lb,

181 1257 200 1285 5
220 1266 332 1293 semper
351 1258 431 1286 fehlt.
452 1274 489 1277 —
510 1257 564 1292 2b,
586 1258 604 1286 3
625 1263 713 1294 atque
733 1259 812 1286 fehlt.
834 1273 871 1277 —
892 1258 944 1291 4b,
965 1258 983 1286 :3
1004 1262 1112 1286 uostris
1133 1259 1213 1286 fehlt.

576 1380 645 1411 209.
685 1378 766 1409 Laus
789 1379 900 1416 „Quem
922 1380 1092 1411 novitate&

606 1440 645 1466 In
674 1439 885 1474 Epiphania
912 1439 1069 1466 Domini.

458 1515 575 1548 Gloria
599 1517 636 1547 in
663 1515 789 1547 excelsis
815 1516 884 1548 Deo
911 1519 939 1548 et
964 1516 999 1546 in
1025 1518 1111 1548 terra
1130 1526 1202 1556 pax

458 1564 642 1596 hominibus
668 1563 770 1594 bonae
794 1563 981 1596 voluntatis.

354 1612 383 1644 1.
410 1611 508 1650 Quem
534 1607 696 1643 novitate*
724 1611 839 1642 sideris
865 1615 954 1642 actus

412 1659 538 1691 Laudat
564 1660 661 1700 Eous,

457 1707 655 1738 Laudamus
681 1707 717 1745 te,

352 1793 384 1825 2.
411 1793 472 1831 Qui
498 1788 684 1823 benedicis*
712 1789 851 1829 flumina,
879 1789 976 1821 fontis

411 1840 544 1871 Tinctus
569 1840 600 1870 in
628 1838 733 1874 undis,

455 1887 686 1919 Benedicimus
711 1887 750 1918 te.

349 1974 382 2006 3.
409 1972 468 2005 Cui
494 1981 604 2012 magus
631 1966 744 2002 offert*
772 1970 893 2010 poplite
919 1968 1001 2000 flexo

408 2020 550 2060 Mystiea
575 2019 669 2055 dona,

457 2067 647 2099 Adoramus
673 2067 711 2097 te.

350 2156 382 2186 4.
410 2153 523 2185 Gloria
549 2148 658 2183 cuius*
684 2149 788 2189 prima
813 2149 949 2180 colorem

408 2201 516 2240 Atque
542 2193 712 2238 saporem*
739 2200 839 2228 mutat
865 2205 1027 2236 aquarum,

456 2247 690 2287 Glorificamus
716 2247 754 2276 ie.

349 2335 382 2366 5.
409 2332 456 2364 Te
480 2331 550 2364 fore
576 2326 708 2363 verum*
735 2337 833 2360 aurea
857 2329 995 2361 clamant

406 2380 544 2412 Munera
567 2386 694 2419 regem;

454 2426 592 2459 Gratias
619 2425 749 2467 aqimus
774 2423 835 2457 tibi
853 2434 907 2464 pr.
934 2435 977 2459 m.
1002 2425 1143 2467 yloriam
1168 2428 1270 2460 tuam.
