1650 2659
786 106 807 140 3

740 107 782 141 18

514 210 542 234 c.
568 202 728 234 Tellurem

573 250 627 290 qui
653 251 794 289 mutasti,
821 251 906 283 intus

571 297 715 330 infirmos
742 309 798 330 nos
825 300 978 339 homines⁷

571 346 683 388 Kyrie‚
712 347 838 380 eleison.

762 445 794 475 2.

142 509 170 543 b.
195 508 260 550 Qui,
287 512 450 548 postquam
474 511 691 549 transgressus

199 559 244 587 est
267 555 443 595 imperium,
472 556 547 597 ruit,

199 603 333 635 debitam

199 655 370 682 manentem
395 651 542 683 amittens
569 651 677 692 vitam,

199 698 258 730 iam
284 702 355 730 ante
381 707 573 738 possessam

764 796 794 828 3.

200 860 308 892 Mortis
333 860 402 891 iura
819 860 848 894 b.

198 911 269 947 post
294 908 369 938 haec
395 908 516 939 solvisti
543 917 601 947 per
627 908 744 948 lignum

196 959 225 986 et
250 965 268 986 a
292 959 422 994 peccato
446 955 575 996 liberas,

198 1007 241 1041 ut,
267 1011 357 1042 quem
385 1011 550 1035 creaveras

196 1051 373 1087 clementer,
401 1050 484 1082 haud

195 1098 297 1137 perire
321 1098 451 1130 sineres.

822 517 848 541 c.
876 509 954 540 Eius
979 513 1013 540 tu
1039 509 1209 540 condolens

878 566 1022 596 poenam,
1049 556 1184 594 Christe,
1214 556 1326 587 venisti

873 606 904 636 in
931 614 1042 636 aevum

880 661 1004 683 carnem
1031 660 1192 683 assumens
1219 651 1256 682 de
1283 654 1379 687 casta,

879 704 911 731 ut
935 700 1104 739 credimus,
1132 703 1240 730 matre.

876 861 962 900 Ergo
988 865 1092 900 grates

878 908 1050 940 referamus
1076 911 1204 939 aeterno

878 957 998 996 regenti
1025 961 1138 987 cuncta
1163 955 1202 986 ab
1229 963 1317 993 aevo,

876 1008 1016 1035 nostram
1042 1005 1094 1042 qui
1123 1006 1265 1033 naturam

878 1051 1077 1090 recuperavit

874 1099 955 1130 hanc
982 1099 1068 1129 caelo
1094 1099 1211 1129 locans.

518 1202 543 1225 c.
570 1194 663 1225 Nunc
688 1195 750 1225 iam
777 1203 884 1225 ornnes

575 1247 725 1283 prompto
752 1246 895 1281 petamus
923 1241 1028 1283 corde,

574 1299 635 1329 quo
661 1290 773 1329 dignos
800 1298 856 1320 nos

577 1338 621 1370 Ut
647 1338 804 1376 possimus

883 1289 1011 1329 efficiat,

576 1385 687 1424 dignas
713 1384 826 1416 efferre
851 1385 962 1416 laudes

577 1437 687 1463 nostro
715 1432 830 1463 factori
856 1432 972 1472 iugiter

579 1480 671 1511 vitiis
697 1485 791 1519 atque
818 1480 950 1510 seiuncti

574 1527 727 1559 donemur
754 1528 852 1559 bonis.

200 1620 286 1656 Trop.
308 1630 360 1648 ms.
376 1621 542 1649 Bobbiense
564 1630 638 1649 saec.
662 1621 704 1649 12.
740 1622 811 1649 Cod.
826 1622 983 1649 Taurinen.
998 1622 1020 1648 F
1041 1622 1082 1648 IV
1106 1618 1147 1647 18.
1170 1619 1234 1646 add.
1250 1627 1323 1645 saec.
1342 1616 1383 1644 12.
1396 1632 1431 1634 —

128 1656 178 1690 lb,
198 1657 216 1686 3
235 1667 309 1694 quae
329 1659 408 1686 fehlt.
437 1675 466 1679 -
492 1659 548 1691 lc,
568 1658 585 1687 3
607 1669 660 1687 nos
682 1660 762 1687 fehlt.
784 1676 820 1679 —
843 1660 898 1686 Str.
920 1658 962 1687 2a
984 1661 1022 1686 ist
1042 1660 1140 1686 derart
1161 1657 1346 1693 abgeschabt,
1367 1655 1430 1682 dass

125 1704 178 1722 nur
204 1696 251 1724 die
270 1698 492 1733 Anfaugsworte
525 1699 597 1732 ⁷‚Cui
624 1699 697 1725 dans
726 1698 840 1725 demum
863 1702 959 1725 autem
981 1696 1210 1733 parvipendens*
1239 1695 1312 1721 noch
1336 1694 1431 1720 lesbar

883 1751 920 1755 —
941 1734 991 1767 33„
1013 1736 1030 1762 ι’)
1045 1737 1201 1762 elementer
1216 1737 1274 1760 aut.
1292 1750 1323 1751 ἠ
1340 1733 1357 1759 3
1367 1733 1392 1763 b,
1413 1731 1430 1758 4

884 1774 1028 1809 Strophen
1043 1776 1145 1800 immer
1159 1771 1267 1808 gleich3
1289 1771 1336 1802 ὃς,
1360 1769 1431 1796 1-3

875 1811 944 1846 -3;
967 1813 1044 1839 tlann
1061 1811 1220 1839 besondere
1238 1810 1372 1836 Melodie.
1396 1823 1429 1825 Α

125 1742 228 1762 waren.
249 1749 286 1755 —
306 1734 354 1768 20,
378 1734 391 1762 1
408 1739 440 1763 tu
460 1736 539 1763 fehlt.
561 1751 598 1755 —
619 1735 669 1770 32,
692 1735 710 1763 3
724 1737 862 1764 liberans.

124 1781 166 1808 sq.
187 1775 370 1809 recuperavit
389 1777 532 1801 naturam.
547 1789 584 1793 —
598 1775 726 1802 Melodie
744 1775 790 1801 fiir
806 1775 836 1809 je
851 1774 868 1801 3

126 1810 175 1838 hat
193 1811 306 1847 gleiche
319 1813 448 1840 Melodie
469 1815 521 1840 mit
541 1811 558 1840 3
567 1822 592 1845 a,
616 1811 689 1841 1-3
709 1813 766 1840 und
783 1812 835 1845 3b,
858 1812 870 1839 1

124 1848 182 1876 Das
209 1850 324 1885 Kyrie
355 1851 525 1883 (Christe)
552 1851 698 1879 eleison
726 1852 815 1882 steht,
842 1851 897 1878 den
917 1852 1045 1878 Kontext
1072 1849 1206 1880 stfirend‚
1232 1847 1327 1874 hinter
1350 1846 1431 1881 jeder

124 1887 261 1923 Strophe;
282 1897 328 1916 am
345 1889 461 1916 Schluss
482 1898 541 1916 von
564 1890 601 1916 31.-
624 1891 662 1916 ist
683 1899 713 1917 es
735 1899 766 1916 so
789 1890 905 1925 zerlegt,
929 1890 992 1916 dass
1014 1889 1086 1915 nach
1109 1886 1134 1919 3,
1158 1888 1175 1912 ὕ
1190 1887 1235 1913 die
1251 1886 1331 1912 Silbe
1348 1885 1371 1911 E
1387 1898 1431 1910 -·

123 1925 194 1952 nach
215 1925 241 1958 3,
262 1926 279 1954 8
300 1927 395 1954 leison
415 1928 496 1963 folgt.

520 2077 576 2108 126.
608 2077 706 2116 Kyrie
727 2077 858 2115 „Dulcia

762 2179 792 2210 1.

517 2263 547 2287 a.
573 2253 689 2286 Dulcia
714 2254 840 2286 cantica

879 2076 1031 2108 cantiea“.

578 2301 796 2342 dragmatibus
822 2304 949 2333 resonat

574 2358 693 2389 organa

573 2395 735 2440 melliflua,
763 2397 868 2437 digna.
