1650 2659
631 128 891 162 —275—

295 220 347 250 Sa.
367 221 424 250 Pro
446 221 552 258 quibus
575 222 682 249 inferni
704 224 868 257 penetravit
889 223 1016 251 claustra
1037 223 1208 259 redemptor,

406 259 526 287 Electus
547 268 645 287 secum
667 261 734 288 inde
755 262 870 289 reduxit
890 270 954 295 e0s3
977 262 1010 295 Q.
1034 265 1053 287 t.
1077 272 1103 298 p.
1126 272 1161 288 m.

293 317 347 346 8b.
367 318 448 346 Mors
469 317 545 354 fugit
565 322 633 345 ante
655 319 772 354 quidem
793 323 981 354 conspectum
1003 320 1087 346 cuius
1109 319 1217 354 iniqua,

406 356 506 392 Ipsius
527 356 564 383 ad
585 359 686 384 nutum
708 361 807 392 surget
827 360 856 384 et
877 359 970 384 omnis
990 357 1096 392 h0m0;
1119 359 1152 391 Q.
1175 366 1196 383 s·
1218 368 1243 385 a.
1265 359 1290 384 ul.

110 417 204 446 Dabei
225 415 291 443 sind
310 414 351 442 fol
372 413 445 442 ende
458 414 621 441 Varianten
641 423 678 441 zu
691 415 899 441 verzeichnen:
921 413 948 445 5,
970 412 988 440 2
1002 418 1102 450 poscet
1117 414 1159 443 D:
1181 417 1273 450 poscit
1291 418 1413 445 :im-illae

127 459 218 484 atrem
238 453 274 482 E.
295 469 331 474 —
352 423 385 485 Ξ,
416 451 428 478 1
459 452 551 480 Crede
580 453 657 487 quod
684 453 826 480 nonnulla
855 453 936 488 plebs
958 452 993 480 E.
1014 467 1051 471 -
1072 452 1128 486 θ’,
1154 452 1171 480 2
1197 454 1297 481 eduxit
1322 455 1356 481 D.
1379 471 1412 475 -—

106 466 158 525 gb,
181 493 195 520 1
218 493 373 527 conspectu
388 490 424 518 E.
446 505 483 510 —·
503 488 553 519 8b.
574 489 592 516 2
615 495 689 517 nutu
708 490 748 520 E:
772 492 865 527 surgit
886 492 922 517 1).

181 530 212 562 9,
242 529 255 558 l
283 529 443 557 Victoriam
473 528 583 556 Christi
612 529 638 556 D
660 529 702 556 E:
733 530 822 556 dicite
849 529 952 556 fratres
981 529 1006 555 D
1035 528 1069 556 E.
1091 543 1127 549 -
1148 528 1180 562 9,
1207 528 1224 556 2
1253 531 1313 565 ipse
1336 532 1412 558 Dem-

108 571 134 598 D
153 570 187 597 E*
211 584 244 587 —
268 565 310 599 11,
331 565 349 595 2
368 568 426 595 Per
446 567 594 594 Christum
617 567 775 594 Dominum
797 578 823 602 q.
847 577 867 593 s.
890 576 915 594 a.
937 568 1025 593 micat
1045 567 1072 593 D
1086 567 1121 594 E.
1147 581 1182 586 —-
1204 568 1355 595 Bestimmt
1378 572 1413 595 ist

105 609 156 636 der
176 609 288 643 Tropus
308 606 354 633 fiir
376 606 442 640 „fen
465 605 502 632 11.
525 607 555 632 in
577 606 653 632 albis
675 606 828 640 paschae“.

472 735 536 766 212.
568 735 648 766 Laus
672 736 773 773 „Assit
794 735 892 766 honor
914 735 1045 766 laudis*-¹

524 792 564 818 In
586 792 817 819 Ascensione
841 791 996 817 Domini.

332 867 446 902 Gloria
470 869 506 899 in
533 868 663 900 escelsis
689 868 759 900 Deo
787 872 814 899 et
840 868 873 898 2²71
901 871 986 899 terra
1007 877 1078 908 pays

331 916 514 949 hominibus
540 917 643 947 bonae
667 915 851 949 voluntatis.

179 981 211 1013 1.
238 979 325 1011 Assit
351 978 451 1010 honor
476 978 581 1009 laudis
608 977 745 1008 clemens
772 978 842 1011 tibi.
870 978 1008 1016 Christe,
1035 977 1174 1014 tonan153

286 1027 345 1066 Qui
371 1026 473 1057 victor
498 1035 629 1065 regnum
656 1025 717 1056 iam
745 1025 863 1064 repetis
890 1034 1048 1064 superum,

330 1072 526 1105 Laudamus
552 1075 598 1109 te;

177 1143 208 1174 2.
237 1140 371 1181 Agmine
397 1139 449 1180 qui
475 1147 602 1179 semper
627 1139 732 1178 polico
758 1138 967 1172 benediceris,
995 1139 1085 1175 alme,

286 1187 422 1219 Tartara
448 1196 602 1227 quemque
628 1190 767 1218 tremunt
791 1187 1033 1226 terrigenaeque
1058 1186 1163 1226 simul,

329 1234 558 1267 Benedicimus
584 1237 629 1272 te,-

181 1303 212 1335 3.
241 1302 359 1334 Cuncta
387 1307 493 1333 creata
518 1301 611 1332 simul
638 1310 791 1332 summum
818 1309 909 1340 quem
936 1309 1061 1340 semper
1087 1301 1230 1334 adorant.

288 1348 472 1381 Gaudentes
499 1349 644 1380 dextram
672 1349 732 1380 iam
760 1348 915 1387 repetisse
941 1349 1042 1387 patris

329 1396 518 1429 Adoramus
543 1399 590 1432 †e;

178 1468 210 1498 4.
237 1463 403 1496 Glorificat
432 1464 527 1504 digne
552 1467 661 1494 coetus
687 1471 778 1502 quem
805 1462 954 1497 caelicus,
978 1461 1075 1492 iudex

285 1511 400 1544 Iudicii
426 1511 542 1551 magni,
569 1511 719 1550 praeside
745 1515 776 1541 te
802 1510 885 1550 quod
913 1509 983 1542 erit.

329 1559 566 1598 Glorificamus
591 1561 637 1595 16,-

175 1629 205 1658 5.
232 1626 372 1658 Exstans
399 1630 583 1657 cunctorum
613 1625 750 1656 clemens
776 1625 831 1663 qui
855 1623 937 1655 doxa
962 1623 1126 1660 bonorum,

281 1674 366 1713 Quos
392 1673 491 1705 Erebi
518 1672 610 1704 fauce
635 1673 723 1703 tollis
749 1672 790 1704 ad
817 1675 905 1703 astra
931 1671 1058 1709 vehens,

325 1721 462 1754 Gratias
487 1721 615 1760 aqimus
641 1720 698 1751 tibi
719 1722 854 1759 propter
878 1727 1034 1758 magnam
1058 1717 1197 1756 [florium
1225 1718 1325 1747 tuam.

173 1790 204 1822 6.
230 1790 309 1820 Alta
333 1792 446 1828 petens
473 1787 578 1826 hodie,
607 1786 764 1818 caelorum
792 1785 938 1816 conditor
963 1785 1042 1824 ipse,

282 1835 332 1868 Da
359 1834 485 1867 famulis
512 1834 646 1870 veniam,
674 1833 727 1873 qui
753 1837 806 1864 tua
833 1832 915 1863 festa
940 1831 1045 1867 beant,

325 1883 469 1915 Domine
494 1882 594 1922 Deus,
622 1890 676 1913 rex
702 1881 856 1917 caelestis,
883 1880 973 1911 Deus
994 1883 1090 1918 pater
1116 1878 1328 1916 omnipotens.

169 1951 201 1983 7.
227 1950 252 1982 Ο
279 1950 324 1983 fili
350 1949 475 1987 summi,
503 1948 602 1980 comis
629 1948 683 1988 qui
709 1947 815 1978 sidera
842 1945 963 1983 muudi„

282 1999 319 2030 In
347 1998 468 2030 caelum
494 1996 622 2028 subiens
649 1995 715 2026 vise
741 1995 808 2026 solo
834 1994 965 2033 positos,

324 2046 470 2078 Domine
494 2044 545 2085 fili
570 2043 746 2084 uniyem'te,
772 2041 849 2074 Iesu
875 2037 1010 2073 Christe.

169 2114 200 2146 8.
228 2113 254 2146 Ο
279 2113 388 2153 proles
420 2111 532 2151 patrm,
560 2119 615 2141 cor
639 2108 796 2140 mundans
824 2108 971 2147 dogmate
996 2108 1095 2146 pacis,

280 2160 450 2193 caelicolis
475 2161 619 2190 nostrum
644 2156 707 2188 iam
733 2155 855 2186 sociare
881 2155 1022 2193 chorum,

322 2206 470 2239 Domime
493 2205 594 2246 Deus,
623 2212 727 2244 aquus
752 2202 827 2244 Dei,
854 2201 943 2242 filius
961 2202 1082 2242 patr-is.

166 2275 200 2308 9.
226 2274 322 2307 Nunc
347 2273 503 2305 miserere
528 2272 601 2311 tuis,
629 2269 740 2301 mundi
766 2269 951 2309 peccamina
978 2268 1058 2309 dele,

278 2321 338 2362 Qui
365 2320 483 2360 iugiter
508 2319 618 2351 dicunt
646 2317 899 2357 suppliciterque
924 2315 1002 2350 tibi:

323 2368 386 2410 Qui
411 2366 499 2400 tollis
518 2369 656 2407 peccata
679 2363 808 2405 mundi,
834 2364 984 2396 miserere
1008 2363 1110 2406 nobis,

321 2414 389 2458 Qui
412 2414 497 2448 tollis
515 2415 652 2454 peccata
677 2411 805 2453 mundi,
833 2411 958 2452 suscipe
979 2411 1234 2451 deprecationem
1252 2410 1322 2440 nost
1330 2416 1413 2440 ram.

1170 2464 1204 2493 18
1218 2463 1231 2477 *
