1650 2659
741 179 784 184 —
833 158 901 192 262
949 177 996 182 -

443 254 672 287 Benedicimus
700 257 739 291 te,

333 304 365 336 3.
393 303 421 334 A
447 311 509 342 quo
534 302 679 341 procedit
701 301 883 333 benedictio
907 302 976 333 iure
1001 302 1162 341 perennis.

443 377 632 409 Adoramus
657 381 694 417 te,

331 428 361 458 4.
391 425 478 458 Caeli
504 424 666 466 factorem,
694 428 810 462 terrae,
836 425 933 456 maris
959 425 1217 465 omnipotentem,

442 500 671 540 Glorificamus
697 501 735 538 te,

355 574 362 580 .
389 548 512 587 Quippe
540 548 597 578 tibi
625 548 758 579 debetur
784 547 884 578 honor
907 551 939 578 et
963 547 1065 586 gloria
1091 557 1222 580 summo.

331 551 348 581 ew

443 622 578 654 Gratias
606 623 732 663 aqimus
759 640 801 644 ——
828 623 953 663 suscipe
979 620 1238 662 deprecationem
1262 626 1420 663 nostram,

331 675 364 703 6.
393 671 553 702 Auxilium
581 671 670 701 nobis
696 670 839 701 tribuens
865 671 1049 709 hostemque
1076 671 1245 711 repellens.

441 746 502 786 Qui
525 746 612 777 sedes
638 745 683 777 ad
707 745 867 776 dea-teram
888 746 1007 785 patris,
1036 746 1185 778 miserere
1207 746 1300 778 nobis

332 795 361 826 7.
389 793 433 826 Ut
457 794 538 833 pius,
567 798 601 824 ut
627 794 774 833 clemens,
800 797 833 823 ut
861 793 965 824 cuncti
994 794 1133 824 criminis
1161 802 1286 834 expers,

443 869 602 909 Quoniam
630 872 664 901 tu
689 868 776 900 solus
801 871 942 907 sanetus,

331 917 362 950 8.
389 916 503 948 Nullus
529 917 610 947 enim
638 916 721 948 valet
746 921 801 947 aut
827 917 924 948 valuit
953 917 1020 947 sine
1047 921 1078 947 te
1104 925 1172 948 esse
1198 917 1328 957 beatus;

443 991 494 1022 Tu
518 991 603 1023 solus
630 991 804 1032 Dominus,

330 1041 361 1072 9.
389 1040 474 1076 Quae
501 1037 628 1080 fuerint,
656 1047 771 1077 rerum,
799 1047 878 1077 quae
904 1042 987 1077 sunt,
1014 1047 1095 1078 quae
1120 1047 1234 1079 nempe
1260 1037 1406 1078 fuerunt3

446 1114 497 1145 Tu
522 1114 608 1145 solus
634 1113 811 1145 altissimus

314 1162 367 1194 10.
395 1161 582 1200 Angelicum
608 1169 737 1192 servans
763 1170 925 1192 numerum
952 1164 1036 1192 statu
1063 1162 1251 1202 solidatum;

443 1208 532 1241 Colla
558 1209 696 1249 superba
723 1208 842 1247 domas,
869 1210 960 1240 mitia
985 1209 1083 1240 corda
1114 1210 1206 1246 ditas,

488 1255 562 1287 Iesu
592 1256 724 1291 Christe,
751 1265 823 1286 cum
848 1265 873 1288 s.
899 1255 1018 1296 spiritu
1042 1256 1079 1287 in
1101 1257 1206 1297 yloria
1235 1256 1300 1288 Dei
1319 1257 1439 1297 patris.

292 1331 377 1365 Trop.
399 1338 452 1357 ms.
474 1330 757 1365 Sammaglorianum
779 1338 855 1357 saec.
878 1329 922 1357 12.
956 1330 1026 1357 Cod.
1042 1331 1168 1358 Parisin.
1192 1329 1298 1359 13252.
1321 1332 1354 1358 A.
1376 1347 1413 1351 —
1434 1332 1492 1359 Tro
1515 1351 1523 1357 .

217 1378 267 1395 ms.
296 1365 493 1403 Anglicum(‘?)
518 1376 592 1394 saec.
622 1367 692 1394 ¹¹!12.
733 1368 802 1395 Cod.
824 1369 985 1395 Loudinen.
1013 1369 1083 1403 Reg.
1105 1367 1122 1395 8
1145 1370 1166 1396 C
1187 1369 1261 1397 xm
1288 1369 1352 1396 add.
1380 1378 1454 1397 saec·
1479 1340 1522 1397 lg.

216 1407 249 1433 Β.
269 1420 307 1424 —
331 1406 344 1432 1
372 1409 531 1433 temnentes
558 1406 704 1432 subiuncti
732 1406 755 1431 B
783 1406 923 1435 (offenbar
942 1406 1120 1439 Korrektur,
1149 1408 1215 1434 weil
1238 1407 1320 1434 nicht
1340 1408 1523 1440 verstanden‚

216 1444 252 1470 da
282 1444 471 1478 „temnentis“
499 1444 556 1470 und
585 1442 790 1475 .,subiunctae“
815 1444 963 1471 Attribute
994 1453 1030 1470 zu
1053 1445 1164 1473 ,honae
1186 1444 1365 1473 voluntatis“
1389 1454 1441 1473 aus
1459 1446 1523 1473 dem

216 1481 471 1518 vorhergehenden
500 1482 680 1508 Gloriatexte
702 1481 785 1513 sind).
813 1496 850 1500 —
876 1480 893 1508 2
920 1482 1046 1510 exsultat
1071 1484 1103 1510 B.
1124 1498 1160 1501 —
1186 1482 1203 1510 3
1233 1485 1368 1518 perrenni
1394 1485 1426 1511 B.
1448 1499 1484 1503 —
1507 1482 1523 1511 6

215 1521 311 1547 tribue
333 1541 338 1546 .
361 1539 368 1545 .
391 1540 397 1546 .
419 1519 526 1553 repelle
547 1521 580 1545 B.
606 1534 640 1538 —-
661 1519 676 1546 7
698 1519 770 1545 fehlt
784 1520 814 1546 B.
837 1535 872 1539 —
897 1519 940 1553 10,
964 1519 977 1546 1
1001 1523 1108 1547 statum
1131 1523 1162 1548 B.
1184 1536 1222 1540 —
1242 1522 1299 1549 Die
1318 1522 1523 1558 tropierenden

216 1559 391 1622 HexamAEter
426 1557 523 1583 bilden
553 1557 693 1592 jedesmal
728 1559 780 1584 mit
814 1555 878 1585 dem
914 1568 953 1585 vo
961 1567 974 1584 1·
982 1558 1000 1584 h
1009 1567 1024 1585 e
1034 1568 1071 1594 rg
1080 1559 1118 1585 eh
1127 1569 1167 1586 en
1175 1560 1192 1586 d
1201 1570 1216 1587 e
1225 1568 1244 1586 n
1275 1559 1443 1588 Gloriatext
1474 1560 1523 1588 ein

214 1598 318 1631 Satzge
335 1598 346 1602 ””
352 1604 395 1631 ge.

593 1687 654 1718 199.
686 1687 765 1717 Laus
789 1687 962 1725 „Laudibus
983 1688 1135 1719 eximiis“.

440 1765 557 1798 Gloria
585 1767 619 1797 in
646 1767 775 1799 excelsis
799 1767 871 1799 Deo
897 1771 924 1800 el
953 1768 985 1798 in
1011 1771 1095 1800 terra
1119 1779 1187 1809 pax

440 1814 622 1846 hominibus
649 1815 750 1847 bonae
776 1816 959 1849 voluntatis.

336 1892 366 1924 1.
392 1890 555 1923 Laudibus
582 1891 715 1925 eximiis,
740 1891 820 1922 bone
847 1901 914 1931 rex,
941 1897 972 1923 te
999 1892 1096 1924 corde
1123 1894 1262 1925 colentes

441 1938 635 1971 Laudcmms
660 1942 703 1975 te;

333 2016 364 2047 2.
389 2013 503 2047 Oribus
530 2014 720 2054 hymnidicis
747 2016 922 2047 modulanti
950 2025 1025 2047 voce
1051 2022 1201 2049 canentes

441 2061 668 2094 Benedicimus
694 2065 740 2100 τες

335 2139 364 2170 3.
394 2138 534 2176 Corpore
560 2138 685 2170 subnixi
712 2139 919 2179 celebrantes,
946 2143 1050 2171 mente
1075 2140 1210 2182 subacti,

443 2184 629 2218 Adoramus
653 2189 699 2223 te‚·

335 2263 366 2294 4.
395 2261 505 2293 Gloria
532 2261 570 2292 de
596 2262 683 2293 cuius
707 2261 881 2294 benedicta
906 2263 976 2296 loco
1001 2263 1082 2295 nitet
1108 2264 1202 2303 almo,

441 2307 671 2348 Gloriftcavmus
696 2311 743 2347 τε,-

333 2388 368 2419 5.
396 2385 507 2418 Gratia
532 2395 594 2417 non
620 2389 726 2426 gratos
752 2387 825 2426 quia
851 2391 957 2428 gratos
983 2388 1130 2430 praescia
1155 2388 1266 2429 gignit,

444 2432 580 2466 Gratias
605 2434 732 2475 aqimus
757 2434 815 2466 tibi
843 2452 886 2458 —
911 2435 1061 2467 miserere
1084 2436 1187 2469 nobis.
