1650 2659
723 131 884 166 —335
937 151 980 156 -

207 223 239 255 3.
266 223 410 256 Sanctus
893 230 924 260 4.
951 227 1115 260 Domirms

268 270 326 302 Est
355 271 394 302 de
418 277 523 303 monte
548 272 630 312 lapis
657 281 775 312 caesus,
952 274 1127 308 Crucifixus
1153 278 1184 305 et
1209 278 1335 315 potatus

266 317 380 349 Manet
403 322 510 350 tamen
536 328 625 351 mous
654 320 796 361 illaesus,
952 322 1042 354 Felle
1066 323 1176 362 mixto,
1202 322 1375 361 lanceatus,

268 364 322 396 Sic
347 366 503 405 processit
530 370 637 398 noster
662 368 759 400 Iesus.
951 368 1018 412 (In)
1033 379 1126 401 manu
1140 370 1240 408 patris
1255 370 1501 401 commendatus.

539 454 570 485 5.
593 452 684 484 Deus
709 452 860 492 Sabaoth,

595 499 654 538 Qui
679 508 737 538 pro
763 500 854 531 nobis
880 500 1065 543 flagellatus,

599 546 727 584 Caesus,
755 551 876 587 sputus,
903 549 1058 590 alapatus,

595 593 696 625 cmce
722 603 797 626 vero
823 599 993 628 coartatus,

273 678 410 712 Sequent.
433 687 483 704 ms.
505 677 646 705 Branderi
668 678 868 713 Sangallensis
891 681 958 706 anni
982 678 1062 707 1507.
1103 679 1173 707 Cod.
1195 680 1361 715 Sangallen.
1383 678 1446 707 546.
1468 680 1502 707 A.

193 729 230 732 ——-
259 715 347 742 Grad.
374 723 426 742 ms.
448 715 675 743 Sanblasianum
702 718 772 743 anni
803 715 959 744 1539-44.
1000 718 1070 744 Cod.
1092 717 1214 745 Paul-an.
1243 716 1287 744 25.
1315 716 1340 744 2.
1367 716 1392 746 9.
1412 718 1501 751 (Blas.

197 754 302 780 memb.
323 752 380 786 67).
401 753 433 780 Β.
455 767 491 772 ·—
514 752 541 786 3,
562 751 580 780 2
600 754 640 781 Et
660 754 694 781 de
715 756 747 782 B.
770 770 807 774 —
828 754 884 781 Str.
906 754 924 782 4
944 755 1002 782 und
1023 755 1040 782 5
1061 755 1155 783 fehlen
1178 757 1207 782 B.

540 883 600 914 321.
643 884 772 914 Sanetus
797 885 893 920 ..Deus
915 887 1006 924 pater
1027 883 1150 915 iudex“.

204 972 235 1003 1.
266 972 350 1003 Deus
377 976 478 1011 pater,
889 974 918 1006 2.
948 973 1064 1011 Fortis,
1092 983 1109 1004 a
1135 982 1195 1012 quo

311 1019 406 1051 index
433 1019 582 1060 iustitiae,
997 1021 1172 1058 procedunt
1198 1022 1311 1062 omnia,

262 1067 329 1098 Nos
355 1067 481 1098 illustra
948 1067 1048 1098 Nobis
1075 1067 1184 1098 confer

311 1114 443 1145 caelitus
470 1114 574 1145 hodie.
995 1119 1104 1153 optata
1130 1114 1256 1154 gaudia,

262 1161 348 1192 Deus
373 1179 416 1182 ψ
444 1160 547 1200 homo,
950 1162 991 1194 Ut
1018 1171 1087 1193 cum
1113 1162 1231 1192 sanetis

309 1208 365 1240 sed
390 1208 457 1239 siue
484 1210 579 1247 carie,
995 1209 1056 1240 tuis
1082 1209 1113 1240 in
1140 1209 1243 1251 gloria

260 1255 398 1288 Nostrae
423 1265 525 1295 purga
948 1256 1013 1287 Nos
1041 1256 1168 1289 caelesti

308 1301 427 1334 faecem
455 1303 612 1336 miseriae.
995 1304 1128 1335 colloces
1156 1304 1252 1335 curia.

532 1387 563 1417 3.
589 1383 780 1415 Immortalis
808 1384 895 1415 cuius
922 1389 967 1414 est
996 1384 1138 1420 dextera,

587 1431 644 1462 Cui
671 1439 757 1462 mare
782 1431 876 1462 tellus
903 1435 933 1462 et
959 1432 1089 1463 aethera

587 1479 706 1511 Parent
730 1479 806 1510 sede
831 1479 954 1510 sedenti
982 1488 1107 1518 supera,

584 1526 684 1562 Laxa,
712 1526 824 1566 quibus
849 1536 1027 1568 gravamur,
1056 1536 1162 1559 onera.

260 1606 347 1641 Trop.
370 1615 421 1633 ms.
446 1607 592 1642 Pragense
613 1613 688 1633 saec.
712 1604 755 1633 13.
796 1606 864 1634 Cod.
886 1607 981 1641 Capit.
1003 1606 1126 1641 I'ragen.
1147 1607 1220 1634 Cim.
1241 1604 1268 1632 4.
1283 1606 1316 1633 A.
1332 1620 1367 1624 —-
1383 1607 1497 1633 Prosar.

183 1654 236 1672 ms.
257 1645 374 1672 Arnesti
396 1644 473 1680 Prag
474 1645 553 1672 ensis
575 1646 644 1671 anni
668 1642 749 1672 1360.
791 1644 861 1671 Cod
883 1645 978 1679 Capit.
1000 1644 1122 1679 Pragen.
1144 1645 1167 1671 P
1188 1643 1214 1671 9.
1235 1644 1268 1671 Β
1283 1645 1421 1672 —Grad.
1443 1654 1494 1671 ms.

183 1683 381 1710 Altovadense
402 1684 470 1710 anni
494 1681 575 1710 1410
617 1682 687 1710 Cod.
709 1681 880 1709 Altovadeu.
903 1680 948 1708 42.
970 1684 1000 1710 (2.
1016 1682 1154 1709 —Grad.
1179 1691 1231 1709 ms.
1252 1682 1399 1718 Pragense
1421 1692 1495 1710 saec.

184 1719 228 1748 15.
269 1721 338 1749 Cod.
365 1722 439 1748 Mus.
468 1721 586 1748 Bohem.
614 1719 672 1747 XII
699 1722 721 1747 Α
752 1719 831 1747 1.D.
858 1735 895 1739 —
923 1720 1009 1747 Grad.
1040 1729 1091 1747 ms.
1115 1721 1289 1748 Guritnense
1315 1723 1384 1748 anni
1414 1720 1495 1749 1470.

182 1759 254 1787 eod.
281 1759 405 1796 Pragen
433 1759 503 1787 XIV
528 1760 551 1786 A
576 1758 599 1785 ἱ.
629 1759 664 1786 Ε.
686 1773 722 1777 —-
750 1757 884 1785 Cantion.
910 1767 962 1785 ms
985 1759 1152 1785 wenceslai
1178 1758 1212 1785 de
1234 1758 1401 1793 Wyskytna
1427 1762 1495 1787 anni

184 1795 265 1825 1512.
307 1797 377 1826 cod.
394 1798 470 1825 Mus.
492 1797 611 1824 Bohem.
627 1797 699 1824 xm
715 1798 738 1823 A
753 1794 779 1822 2.
797 1797 827 1824 F.
843 1796 920 1827 —1,
943 1795 959 1822 7
981 1805 1014 1831 sq
1018 1798 1106 1824 .N0s
1127 1797 1162 1824 de
1184 1796 1249 1824 lacu
1269 1797 1342 1824 educ
1363 1800 1495 1825 miseriae

182 1837 216 1863 A.
237 1849 273 1854 —·
294 1834 326 1865 2.
348 1835 364 1862 7
387 1836 523 1863 caelestis
541 1838 575 1862 Α.
596 1848 632 1853 -
654 1833 686 1866 2,
707 1833 724 1862 S
745 1835 869 1861 collocet
889 1835 988 1861 A—E.
1009 1849 1045 1852 —
1066 1834 1097 1866 3,
1117 1833 1135 1861 2
1156 1836 1211 1862 Cui
1232 1838 1331 1862 manet
1351 1837 1486 1863 teliusE
1491 1858 1495 1862 .

182 1889 219 1894 ·-—
240 1871 267 1907 3,
288 1875 306 1901 3
328 1874 425 1901 sedem
447 1875 479 1902 C.
501 1890 535 1893 —
558 1873 583 1901 E
607 1874 728 1909 beginnt
748 1876 807 1899 erst
828 1873 880 1899 mit
901 1870 926 1903 2,
948 1871 979 1906 2;
1003 1872 1054 1899 das
1077 1873 1157 1900 Blatt
1177 1873 1282 1900 vorher
1303 1873 1373 1901 fehlt
1396 1876 1425 1901 iu
1446 1875 1497 1902 der

180 1913 234 1940 Hs.
251 1929 290 1933 —
303 1913 363 1939 Vor
380 1912 463 1947 jeder
483 1911 607 1946 Strophe
625 1910 801 1946 „Sanctus“;
823 1919 875 1937 vor
894 1911 958 1937 dem
980 1911 1086 1938 letzten
1102 1912 1244 1938 Hosanna
1264 1911 1338 1947 folgt
1357 1913 1387 1939 iu
1399 1914 1422 1940 A
1435 1914 1457 1940 B
1470 1915 1495 1940 D

179 1951 232 1979 der
253 1951 525 1987 Hosannar'rropus
549 1950 682 1985 „Quam
704 1951 801 1984 pium
825 1949 1021 1976 benedicit
1040 1950 1073 1981 (s.
1095 1950 1267 1985 Appendix).

510 2081 576 2112 322.
616 2079 749 2111 Sanctus
774 2080 869 2116 „Phoe
891 2079 992 2119 patris
1014 2079 1162 2110 earitas“.

196 2174 229 2206 1.
256 2171 351 2212 Phos,
884 2170 915 2203 2.
941 2169 1018 2201 Flos

298 2219 406 2252 Patris
433 2219 560 2256 caritas,
990 2216 1015 2249 O
1043 2217 1201 2259 virgenee‚

298 2266 396 2299 Lucis
421 2266 591 2306 ingenitas,
989 2265 1039 2296 Sis
1066 2274 1185 2297 memor
1211 2267 1331 2306 vineae,

248 2314 346 2356 Leva‚
941 2312 1048 2344 Laeva

299 2361 469 2395 Resuscita
987 2361 1086 2399 Quam
1110 2362 1193 2393 actio

298 2409 438 2450 SopitoS,
464 2409 582 2442 excita.
988 2408 1100 2441 Vastat
1124 2410 1174 2441 vel
1200 2409 1292 2443 ratio.
