1650 2659
684 155 726 161 —
777 133 941 170 396——

489 246 557 277 448.
600 246 705 286 Agnus
728 245 816 283 „Sine
837 245 959 285 peccati
981 245 1131 276 maculare

162 338 193 370 1.
220 338 336 378 Aynus
361 336 435 374 Dei,
737 340 739 343 ’
844 336 876 367 2.
903 334 1020 375 Aymcs
1044 334 1118 377 Dei,

220 386 295 418 Sine
321 385 444 425 peccati
469 384 592 415 macula
903 384 1001 422 Quem
1027 381 1236 421 praedicabat
1260 383 1377 422 populo

220 433 304 466 solus
330 440 519 474 permanens
902 430 1101 470 permanenti

219 485 332 512 cuncta
358 488 415 519 per
443 479 579 519 saecula,
902 478 1006 509 adnue
1030 477 1195 509 incredulo

220 531 327 560 nostra
354 527 485 558 crimina
511 527 592 564 dele,
904 525 1058 558 Iohannes
1083 528 1246 556 venturum
1274 533 1351 562 esse,

218 576 273 615 qui
299 575 385 607 tollis
403 576 538 614 peccata
564 573 698 610 mmzdi;
901 573 956 612 qui
981 572 1068 604 tollis
1089 575 1222 611 peccata
1248 573 1373 612 mundi,

220 624 309 655 Haec
335 622 415 654 enim
443 622 543 661 gloria
570 620 628 651 soli
902 620 1023 651 Nomen
1051 625 1098 650 est
1124 619 1211 650 cuius
1235 620 1339 659 magni

219 671 353 702 Domino
379 673 426 700 est
451 678 606 707 congrua3
901 668 1024 698 consilii
1051 668 1190 706 angelus,

266 718 421 749 Miserere
445 716 545 747 nobis.
948 715 1102 746 Miserere
1127 715 1228 748 nobis.

513 801 543 833 3.
570 799 685 840 Aynus
711 798 783 838 Dei,

573 847 667 879 Cuius
695 847 814 877 cruoris
839 846 946 877 effusio

570 895 652 925 vitae
678 895 823 933 perditae

572 942 631 972 fuit
656 941 845 972 restauratio

571 992 601 1019 et
627 988 771 1019 interitus
797 989 917 1019 mortis.

570 1035 625 1075 qui
651 1034 734 1067 tollis
758 1039 885 1074 peecata
913 1035 1047 1072 mundi,-

571 1084 649 1121 Spes
676 1087 706 1113 et
731 1083 881 1113 solacium
910 1084 1029 1122 mundi,

571 1130 622 1169 qui
649 1138 681 1160 es
708 1138 763 1159 rex
789 1130 949 1168 pacificus,

617 1176 715 1207 Dona
742 1176 832 1207 nobis
852 1185 977 1215 pacem,

238 1269 324 1304 Trop.
347 1278 398 1295 ms.
415 1270 558 1304 Pragense
579 1273 664 1295 saeos
676 1268 718 1295 13.
751 1269 821 1296 Cud.
837 1270 931 1304 Capit.
946 1269 1070 1303 Pragen.
1085 1269 1158 1295 Cim.
1174 1267 1200 1295 4.
1216 1269 1249 1296 A.
1271 1282 1308 1286 —
1328 1270 1465 1303 Sequent.

164 1316 215 1333 ms.
238 1308 354 1333 Arnesti
376 1307 532 1341 Pragensis
554 1308 622 1333 anni
647 1304 725 1333 1360.
762 1306 829 1333 Cod.
852 1307 946 1341 Capit.
967 1307 1088 1343 Pragen.
1107 1307 1129 1333 P
1151 1304 1176 1332 9.
1192 1307 1224 1333 Β.
1247 1320 1281 1325 -—
1304 1307 1389 1334 Grad.
1412 1317 1463 1334 ms,

161 1345 307 1380 I’ragense
338 1353 411 1370 saec.
436 1344 476 1371 15.
518 1345 586 1371 Uod.
608 1345 682 1371 Mus.
704 1344 822 1371 Bohem.
844 1345 900 1371 XII
922 1344 946 1371 A
972 1344 993 1370 l.
1016 1348 1046 1372 C.
1070 1359 1100 1362 —
1126 1344 1150 1377 1,
1171 1342 1189 1370 2
1211 1345 1267 1378 Qui
1289 1347 1351 1372 sine
1373 1347 1404 1371 A.
1428 1360 1463 1364 -

165 1380 190 1413 3,
211 1382 228 1409 5
249 1386 276 1410 et
298 1384 326 1408 in
347 1383 433 1408 terris
452 1383 554 1408 mortis
570 1383 602 1408 h.
625 1397 661 1400 —
682 1382 738 1408 Str.
758 1380 776 1408 2
796 1382 848 1408 hat
868 1382 980 1417 gleiche
995 1382 1163 1409 Silbenzahl
1183 1384 1238 1409 mit
1252 1382 1309 1409 Str.
1333 1383 1346 1410 1
1363 1383 1421 1410 und
1436 1381 1462 1415 3,

161 1420 254 1447 wahrt
275 1421 344 1447 aber
364 1419 444 1446 nicht
464 1420 509 1446 die
530 1420 647 1446 Caesur.

464 1566 533 1598 449.
575 1567 680 1605 Agnus
703 1568 810 1604 „Quem
833 1567 923 1607 virgo
945 1568 1109 1608 e011cepit“.

159 1657 189 1688 1.
217 1657 331 1696 Asmus
356 1656 429 1694 Dei,
809 1659 811 1693 s
841 1659 870 1689 3.
898 1658 1013 1697 Agnus
1038 1657 1112 1696 Dei,

217 1705 315 1743 Quem
342 1704 429 1742 virgo
455 1705 600 1742 concepit
896 1705 955 1744 Qui
981 1709 1091 1736 sancto
1117 1705 1232 1745 spiritu

218 1756 248 1781 et
273 1756 344 1789 post
369 1755 494 1790 partum
897 1752 1106 1784 obumbrante

218 1799 305 1836 virgo
329 1799 512 1838 permansit,
897 1803 1029 1830 matrem
1055 1799 1174 1841 fovisti,

218 1846 271 1884 qui
298 1845 380 1877 tollis
399 1848 531 1884 peccata
556 1845 682 1884 numdi,
898 1847 953 1886 qui
979 1847 1063 1879 tollis
1081 1851 1217 1887 peccata
1242 1851 1368 1891 mundi,

216 1893 354 1924 Mundus
380 1893 464 1923 solus
490 1901 507 1923 a
533 1893 683 1932 peccatis,
898 1894 1015 1927 Umbra
1041 1903 1165 1935 semper
1189 1897 1247 1928 sub
1273 1898 1382 1930 eadem

264 1939 417 1972 Miserere
441 1939 541 1972 nobis.
806 1960 807 1985 1
942 1942 1041 1974 Dona
1067 1943 1158 1975 nobis
1175 1952 1304 1982 pacem.

506 2035 538 2068 2.
565 2035 679 2075 Agnus
705 2034 778 2077 Dei,

566 2084 720 2114 Assumus
746 2084 777 2114 in
803 2084 962 2123 obsequiis

565 2131 651 2161 Tuae
677 2134 805 2162 sanctae
829 2132 1017 2173 genetricis3

565 2177 625 2218 Qui
652 2177 736 2209 tollis
755 2181 890 2217 peccata
915 2179 1040 2221 mundi,

565 2226 598 2256 ln
625 2233 732 2256 amore
756 2226 828 2264 piae
853 2226 964 2258 matris

610 2272 766 2304 Miserere
790 2270 896 2305 nobis.

227 2375 349 2410 Tropar.
369 2384 422 2403 ms.
437 2377 583 2411 Pragense
603 2383 679 2402 saec.
701 2372 745 2402 13.
779 2375 849 2402 Cod.
864 2376 960 2411 Capit.
976 2376 1099 2411 Pragen.
1113 2375 1186 2403 Cim.
1199 2375 1228 2403 4.
1243 2379 1276 2405 A.
1293 2391 1327 2398 -·
1343 2379 1460 2408 Prosar.

153 2421 206 2440 ms.
226 2414 343 2441 Arnesti
363 2415 519 2449 Pragensis
541 2415 611 2441 anni
634 2411 713 2441 1360.
754 2413 824 2440 Cod.
845 2413 940 2448 Capit.
964 2413 1086 2449 Pragen.
1106 2414 1130 2441 P
1150 2413 1176 2441 9.
1197 2415 1230 2442 Β.
