1650 2659
636 150 681 154 —
731 132 797 167 207
849 153 894 156 —

120 238 167 264 ¹c.
191 227 333 269 Spiritus,
811 230 842 262 d.
869 231 905 263 In
932 232 986 271 pia

189 276 247 309 Dei
272 275 382 316 dignus
409 273 537 314 digitus,
870 279 1000 320 Virgine
1025 281 1189 320 sperantia

193 323 313 362 Unctio‚
339 322 524 363 paraclitus,
872 326 977 359 Corda
1003 329 1093 368 reple
1118 329 1231 369 gratia,

511 408 538 432 e.
565 400 591 432 Ο
619 400 714 433 decus
741 402 939 434 laudantium

567 448 691 480 Mariae
717 448 828 488 filium,

616 496 745 529 eleison.

194 581 273 608 Mias.
295 589 346 607 ms.
367 580 587 608 Sarisburiense
607 580 631 611 (ἱ)
640 581 837 615 Londinense)
857 591 932 610 saec.
957 582 998 610 13.
1015 593 1057 610 ex.
1093 584 1163 611 Cod.
1178 585 1304 611 Parisin.
1320 587 1420 613 Arsen.

124 617 182 646 135.
202 634 238 638 —
257 620 311 646 Mit
332 619 467 646 Melodie.
489 632 524 636 —
548 617 598 651 la,
623 617 636 646 1
659 621 816 656 virginum,
837 629 929 656 gegen
951 622 1006 648 den
1030 624 1122 649 Reim.
1144 638 1179 641 —-
1201 622 1218 648 3
1229 632 1253 654 a,
1275 622 1292 650 2
1313 625 1422 652 Mariae

121 665 192 693 apes,
211 665 301 693 gegen
321 657 376 684 den
396 657 488 685 Reim.

486 768 547 800 153.
588 769 686 808 Kyrie
710 768 873 800 machinae
896 771 1044 802 conditor.

613 830 664 857 De
691 830 807 858 Beata
834 831 873 857 M.
896 832 930 858 V.

134 981 164 1006 a.
190 973 297 1015 Kyrie‚
323 973 487 1005 machinae
818 982 845 1005 e.
872 974 995 1006 Mariae
1020 975 1167 1007 laudibus

189 1020 340 1053 Conditor
364 1022 478 1061 trinae,
873 1022 1114 1062 Indulgentibus

188 1068 255 1100 Rex
281 1068 348 1100 sine
373 1068 446 1107 tine,
770 1076 771 1080 ¹
873 1069 972 1109 Votis,
1000 1071 1129 1102 vocibus

233 1115 361 1149 eleison.
920 1117 1050 1152 eleison,

511 1192 541 1227 b.
569 1193 632 1224 Per
656 1193 794 1225 Mariam
820 1193 874 1232 qui
901 1194 1055 1233 virginem

567 1241 667 1272 Morti
694 1240 773 1272 facis
799 1239 904 1279 finem,

615 1288 744 1320 eleison.

755 1376 786 1406 2.

819 1449 846 1472 c..
872 1440 975 1471 Homo
1001 1449 1058 1479 pro
1084 1440 1218 1481 homine,

875 1487 998 1518 Numen
1026 1488 1065 1519 de
1090 1487 1216 1519 numine

131 1446 161 1471 a.
187 1438 321 1479 Christe,
346 1449 404 1471 rex
431 1442 463 1470 et
488 1439 635 1479 Domine,

185 1485 265 1518 Nate
291 1486 330 1518 de
353 1487 476 1528 virgine

231 1533 346 1574 Matre,
767 1535 772 1627 ν
920 1536 1026 1574 Patre,

279 1582 409 1616 eleison.
967 1582 1095 1615 eleison.

511 1657 542 1692 b.
568 1659 638 1698 Qui,
665 1669 758 1699 quam
786 1658 911 1698 creasti,

569 1706 615 1738 Te
641 1708 730 1746 prole
757 1706 858 1738 beasti

565 1754 783 1794 Mundumque
807 1753 949 1792 salvasti,

615 1802 744 1835 eleison.

754 1890 785 1920 3.

125 1961 157 1986 a.
183 1953 294 1994 Kyrie,
321 1955 464 1994 spiritus,
809 1953 840 1988 b.
869 1952 1053 1993 septiformi
1079 1953 1192 1994 gratia,

185 2001 320 2034 Mariam
346 2003 476 2043 replens
501 2003 645 2041 caelitus,
870 2002 937 2040 Qua
964 2001 1084 2033 ditatur
1109 2001 1213 2033 Maria
1238 2000 1301 2041 pia,

230 2049 358 2084 eleison.
917 2049 1046 2082 eleison.

510 2135 536 2160 c.
563 2126 688 2158 Mariae
715 2129 850 2165 creator,

567 2173 791 2206 Sanctificator
815 2177 909 2213 atque
935 2173 1132 2208 sublimator,

564 2222 717 2262 Virginea
741 2229 837 2262 prece

567 2269 722 2310 Purgatos
748 2281 767 2301 a
793 2269 897 2300 carnis
924 2267 1012 2299 faece

613 2317 742 2352 eleison.

186 2391 267 2419 Miss.
288 2401 342 2420 ms.
363 2391 584 2421 Sarisburiense
603 2393 628 2427 (ἱ)
636 2384 834 2425 Londinense)
853 2400 929 2419 saec.
953 2388 996 2418 13.
1011 2400 1054 2419 ex.
1095 2389 1163 2418 Cod.
1179 2389 1304 2416 Parisin.
1319 2389 1419 2415 Arsen.

110 2426 172 2456 135.
194 2446 228 2450 —
249 2431 306 2458 Mit
324 2431 462 2459 Melodie.
484 2445 520 2450 —
541 2429 592 2465 3b,
614 2429 632 2458 2
653 2432 744 2466 Quae.
764 2445 802 2450 -—
824 2428 871 2461 30,
895 2429 914 2456 4
933 2439 1020 2457 carne
1041 2430 1129 2456 faece.
