1650 2659
755 218 774 237 o

136 285 166 308 a.
193 275 334 308 Christus
359 277 420 309 iam
809 284 839 316 b.
867 286 1048 326 Dragmam,
1076 297 1168 327 quam

190 323 303 355 liberat
328 325 367 356 de
391 324 515 358 inferno
867 334 1019 375 perdidit,
1048 337 1234 376 reportavit,

189 373 404 412 restauratque
867 382 899 413 in
925 391 1022 422 reguo
1048 383 1101 422 qui

189 421 364 451 sanctorum
389 421 521 455 animas.
868 439 1002 468 regnans
1028 436 1194 470 perpetuo.

507 526 533 549 c.
561 517 689 560 Nosque
714 520 773 552 tibi

562 565 739 607 flagitamus
766 572 798 599 et
823 571 974 609 canimus,

561 623 680 654 nosque
706 620 846 655 cunctos,

564 671 619 693 rex
646 663 748 703 hagie,
777 665 832 695 des
860 670 891 696 ut
918 666 992 698 vita.

129 827 158 851 a.
184 817 208 850 Ο
234 827 325 858 quam
351 820 460 852 beatas
804 825 835 857 b.
863 827 888 858 O
914 835 1006 866 quam
1033 829 1174 866 pretiosa

180 866 308 907 animas,
335 877 412 908 quas
437 869 521 900 eruis
861 874 920 904 erit
948 875 1024 911 vita,

181 913 220 944 de
244 917 365 947 tartara
858 930 876 952 ο
902 931 995 960 quam
1022 922 1156 961 pulchra

181 961 319 1001 dansque
345 963 389 994 eis
415 965 529 996 vitam!
861 977 894 999 es
921 969 1042 1008 Deique
1070 970 1236 1002 donantia!

501 1069 527 1092 c.
553 1062 578 1094 O
605 1070 681 1093 crux
707 1062 800 1099 alma,

556 1118 636 1148 quae
661 1110 823 1141 attraxisti

555 1159 718 1196 totumque
743 1157 851 1189 orbem

556 1205 686 1236 salvasti
712 1211 922 1244 praesentem.

178 1291 262 1328 Trop.
298 1304 350 1322 ms.
385 1296 549 1323 Romanum
580 1306 654 1324 saec.
688 1297 760 1324 ¹¹1‘12.
810 1299 879 1326 Cod.
912 1300 1044 1325 Vatican.
1075 1296 1159 1325 5319.
1189 1300 1223 1326 A.
1253 1314 1289 1317 —
1322 1300 1407 1336 Trop.

105 1336 154 1355 1¹1³·
182 1329 419 1361 Beneventanum
448 1342 524 1361 saec.
556 1334 598 1363 12.
649 1336 719 1363 Cod.
751 1337 846 1371 Capit.
877 1338 1073 1364 Beneventan.
1105 1335 1149 1364 25.
1182 1338 1212 1364 B.
1248 1352 1283 1354 —
1318 1338 1405 1365 Grad.

105 1375 154 1393 ms.
180 1368 278 1395 incert.
307 1373 410 1407 origin.
436 1374 506 1399 anni
540 1372 609 1401 1701
637 1375 723 1405 (nach
749 1375 906 1410 Georgius,
938 1376 980 1402 De
1007 1375 1120 1409 Liturg.
1147 1376 1268 1402 Roman.
1298 1376 1403 1403 Pontif.

106 1402 264 1438 1731-44,
284 1408 342 1442 ΠΙ,
364 1419 391 1445 p.
412 1409 486 1441 519).
507 1411 538 1438 C.
560 1427 596 1431 —
620 1412 667 1444 la,
690 1410 708 1439 2
729 1412 862 1440 Christus
885 1414 956 1440 fehlt
977 1413 1010 1440 C.
1032 1427 1066 1431 —
1090 1412 1147 1445 la,
1169 1412 1187 1440 4
1208 1415 1233 1440 ei
1255 1414 1326 1440 fehlt
1347 1415 1405 1442 AB.

103 1457 139 1461 —
167 1442 219 1477 lb,
245 1443 263 1472 2
292 1447 363 1474 mihi
389 1449 537 1475 nuntiavit
562 1452 595 1477 A.
624 1466 659 1469 —
691 1450 742 1482 lc,
772 1450 784 1477 1
814 1451 939 1478 Flebant
963 1452 1013 1486 qui
1036 1451 1075 1482 A,
1106 1452 1286 1487 Flebantque
1315 1454 1345 1478 (J.
1370 1469 1404 1472 *—

106 1479 156 1513 lc,
177 1480 194 1508 2
214 1486 258 1509 set
278 1483 381 1512 hibant
401 1486 442 1518 A,
468 1488 600 1515 sciebant
620 1491 657 1521 B,
679 1489 729 1515 sed
751 1489 832 1515 ibant
856 1491 887 1517 C.
910 1505 945 1507 —
971 1489 1022 1519 lc.
1044 1488 1061 1514 3
1082 1491 1224 1524 separiter
1245 1492 1275 1516 C.
1299 1504 1332 1507 —-
1358 1489 1403 1522 lc,

102 1517 121 1545 4
139 1528 278 1556 verasque
299 1525 322 1550 A
345 1525 368 1551 B
390 1525 422 1551 C.
443 1539 479 1543 —
501 1525 558 1552 Str.
582 1526 625 1554 2a
645 1527 717 1554 fehlt
736 1527 808 1558 hier,
830 1529 907 1554 steht
927 1529 970 1554 als
992 1525 1034 1553 3b
1057 1526 1087 1552 C.
1110 1543 1145 1545 —
1165 1526 1215 1559 221,
1238 1526 1255 1554 ‘2
1276 1528 1404 1555 liberans

103 1557 139 1589 Α,
157 1558 192 1585 ab
212 1559 325 1588 inferno
344 1562 374 1588 Β.
397 1577 433 1581 -
453 1561 504 1592 23,
526 1561 545 1590 3
565 1569 728 1592 restaurans
749 1567 790 1593 A:
811 1575 867 1600 qne
888 1566 959 1592 fehlt
973 1567 1005 1592 B.
1021 1579 1058 1582 —
1073 1563 1121 1594 Za.
1145 1565 1162 1592 4
1182 1574 1304 1600 corpora
1321 1567 1351 1592 Β.
1369 1582 1402 1586 -

101 1595 156 1622 Str.
180 1594 222 1624 2b
243 1597 314 1626 fehlt
334 1600 366 1627 B.
387 1615 424 1619 —
445 1599 496 1633 2b,
517 1599 534 1628 2
556 1604 721 1639 perdiderat
742 1604 773 1630 C.
795 1617 832 1621 -—
853 1604 904 1634 21),
926 1602 943 1631 3
964 1612 1006 1638 sq.
1029 1612 1153 1638 regnans
1174 1605 1225 1639 qui
1239 1606 1271 1630 A.
1294 1619 1329 1621 —
1351 1602 1400 1635 2b,

99 1631 118 1660 4
142 1635 222 1670 regia
242 1645 366 1671 regnans
387 1639 504 1666 Christo
526 1641 558 1668 C.
580 1656 616 1659 —
635 1640 691 1673 20,
723 1641 735 1667 l
760 1643 819 1668 Nos
841 1644 891 1678 qui
913 1643 936 1668 A
958 1644 989 1669 (J.
1010 1656 1045 1659 -—
1067 1640 1119 1671 20,
1147 1640 1165 1668 3
1186 1646 1290 1668 cuncta
1311 1643 1344 1668 B.
1366 1657 1401 1661 ‹—

100 1669 142 1704 2c,
153 1671 171 1699 4
181 1672 287 1709 desque
298 1677 387 1703 vitam
400 1677 431 1709 C,
444 1681 476 1704 ut
486 1679 577 1706 vitam
586 1680 618 1706 A.
631 1695 667 1698 —-
679 1678 724 1710 3a,
739 1679 751 1706 1
766 1681 851 1706 beata
860 1682 892 1706 A.
904 1694 941 1698 —
952 1678 997 1710 321,
1010 1678 1027 1705 2
1038 1688 1124 1715 quam
1132 1680 1189 1706 AC.
1199 1679 1287 1711 —3a‚
1301 1679 1318 1706 3
1327 1682 1401 1707 eruit

99 1709 130 1736 C.
143 1709 239 1744 —3a‚
254 1711 273 1739 4
287 1718 373 1750 atque
388 1723 477 1742 saeva
492 1717 533 1751 A;
549 1720 592 1744 eis
607 1718 679 1745 fehlt
693 1720 724 1745 (3.
738 1732 774 1736 ——-
790 1718 839 1744 Str
862 1716 903 1745 321
918 1719 1009 1744 lautet
1024 1718 1060 1744 B:
1079 1718 1104 1744 Ο
1121 1727 1207 1753 quam
1222 1719 1300 1745 beati
1316 1718 1401 1753 pedes

99 1747 143 1774 illi
169 1751 217 1784 qui
245 1750 378 1780 Christus
405 1755 512 1781 meruit
536 1758 679 1783 sustinere
706 1757 739 1782 B.
767 1770 805 1781 -2
830 1757 885 1783 Str.
914 1755 957 1783 31>
985 1755 1056 1782 fehlt
1077 1755 1108 1782 C.
1130 1771 1167 1774 —
1188 1754 1244 1789 3h,
1275 1756 1287 1782 l
1314 1765 1401 1791 quam

98 1785 182 1814 beata
203 1789 234 1814 B.
248 1803 285 1807 —
324 1788 382 1824 3b,
404 1790 422 1818 2
442 1798 505 1819 erat
526 1794 556 1820 Β,
579 1809 615 1812 —-
636 1794 691 1821 Str.
713 1792 754 1820 30
775 1793 847 1821 fehlt
869 1796 900 1826 C,
923 1798 993 1820 statt
1013 1794 1132 1820 dessen:
1155 1794 1288 1821 Christus
1310 1797 1402 1822 crnci-

98 1823 170 1852 fixus
194 1827 252 1854 iam
273 1837 398 1864 regnans
418 1840 471 1866 per
491 1833 619 1859 saecula.
640 1848 677 1851 -—
696 1830 748 1863 ὃς,
770 1831 788 1859 2
807 1832 975 1860 abstraxisti
998 1833 1021 1859 A
1044 1832 1067 1858 Β
1089 1832 1119 1858 C.
1141 1847 1177 1850 -
1197 1830 1248 1865 30,
1270 1830 1288 1859 3
1308 1836 1400 1859 totum

97 1861 168 1890 fehlt
186 1864 218 1891 B.
239 1880 276 1883 —
296 1865 344 1900 30,
365 1867 384 1894 4
404 1869 527 1896 salvasti
549 1873 642 1898 totum
661 1874 854 1906 (praesentem
875 1870 959 1904 fehlt)
975 1871 1006 1897 B.
1029 1885 1064 1889 —-
1099 1870 1181 1897 Nach
1197 1874 1253 1897 Str.
1274 1870 1313 1896 :50
1328 1871 1400 1906 folgt

96 1901 126 1927 in
146 1903 181 1929 B:
203 1902 304 1932 Gloria
324 1906 378 1933 tibi
400 1907 552 1935 referimus
573 1918 673 1936 omnes
694 1909 729 1936 de
750 1912 800 1935 tua
823 1910 1042 1936 resurrectione.
1065 1923 1101 1926 —
1129 1909 1254 1935 Melodie
1275 1909 1321 1935 fiir
1343 1909 1399 1936 alle.

95 1936 114 1965 9
132 1939 288 1976 Strophen,
309 1944 402 1972 denen
423 1946 536 1980 Kyrie
560 1947 730 1981 (Christe)
756 1947 901 1974 eleison
926 1946 1096 1981 vorangeht,
1118 1947 1164 1973 die
1185 1947 1306 1981 gleichffi
1330 1948 1398 1974 aher

96 1977 200 2006 eberiso
232 1982 475 2019 ungleichmiil'sig
500 1984 559 2011 und
586 1985 754 2013 verwildert
781 1987 835 2012 wie
863 1986 913 2012 der
941 1985 1024 2011 Text.
1052 2000 1087 2002 —
1136 1987 1195 2012 Der
1220 1985 1333 2019 Trnpus
1361 1987 1399 2011 ist

94 2015 228 2045 siehtlich
248 2019 294 2047 fiir
320 2020 460 2048 Ostern
486 2023 639 2050 bestimmt.

425 2172 478 2202 117.
511 2172 609 2211 kyrie
633 2172 847 2212 „omnipotens
869 2172 1061 2212 stelligeri“.

730 2271 760 2304 1.

106 2344 136 2369 a.
161 2336 369 2377 Omnipotens
395 2338 550 2378 stelligeri
787 2337 818 2371 b.
845 2339 904 2379 Qui
941 2342 1040 2371 totam
1073 2338 1216 2378 pulchris
1251 2337 1395 2378 depingis

158 2385 306 2418 conditor
330 2386 421 2428 caeli,
845 2386 975 2418 floribus
1000 2396 1120 2424 arvam,
