1650 2659
606 118 864 153 —165—

483 222 509 246 c.
536 213 674 254 Christe,

538 269 577 292 ex
602 262 707 294 Maria
734 262 854 302 virgine

537 309 595 340 sub
621 313 764 349 tempore
790 312 940 349 concepte

538 366 557 388 a
581 362 692 388 sancto
717 362 902 397 pneumate,

537 404 667 437 eleison.

722 473 752 504 3.

102 549 131 571 a.
158 537 267 579 Kyrie‚
781 537 810 569 b.
840 537 948 577 Kyrie,

157 585 287 625 spiritus
312 585 404 622 aime,
839 586 994 616 advocate
1020 585 1111 627 bone,

158 633 332 672 procedens
358 632 399 664 ab
425 635 570 674 utroque,
838 635 980 663 nostrum
1007 634 1144 665 omnium
1171 640 1269 672 prone

156 680 281 712 eleison.
839 680 967 712 eleison.

551 765 578 789 0.
606 756 716 796 Kyrie‚

608 812 670 835 une
696 808 727 834 et
752 803 846 842 trine,

608 851 696 882 Deus
720 850 873 891 perfecte,

609 899 738 932 eleison.

161 983 293 1010 Cantiou.
315 992 366 1009 ms.
382 982 609 1018 Vissegradense
633 992 707 1010 saec.
732 982 774 1009 15.
789 992 832 1009 ex.
866 982 935 1009 eod.
952 983 1155 1018 Vissegraden.
1170 983 1194 1007 V
1210 982 1248 1008 (Σο
1265 992 1288 1014 η.
1305 982 1338 1008 A.
1356 995 1393 1001 --

85 1021 218 1049 Cantion.
250 1030 303 1048 me.
337 1021 483 1056 Pragense
513 1021 693 1050 (Wenceslai
719 1021 754 1048 de
785 1020 962 1055 Wyskytua'
991 1021 1062 1047 anni
1090 1018 1171 1046 1512.
1216 1020 1286 1046 (jod.
1312 1021 1387 1046 Mus.

88 1059 201 1087 Bohem.
223 1060 295 1087 XIII
320 1059 344 1085 A
370 1057 395 1085 2.
418 1060 449 1086 B.
471 1073 508 1077 —
527 1059 615 1086 Grad.
638 1068 689 1085 ms.
711 1059 857 1093 Pragense
878 1065 953 1085 saec.
977 1056 1019 1084 16.
1043 1060 1081 1085 iu.
1112 1057 1182 1085 Cod.
1203 1058 1324 1094 I'ragen.
1350 1058 1389 1084 VI

87 1098 110 1126 B
128 1096 173 1124 24.
192 1098 224 1125 C.
244 1111 281 1115 —
303 1093 528 1132 Strophenfolge
549 1098 579 1123 in
601 1098 639 1124 A:
668 1097 724 1128 lb.
755 1095 808 1128 lc,
832 1095 1015 1127 la.—1b,
1043 1095 1061 1122 4
1084 1105 1115 1123 ae
1136 1095 1203 1123 finis
1226 1096 1256 1122 B.
1279 1110 1314 1114 —-
1337 1093 1388 1127 20,

85 1134 105 1162 4
124 1144 140 1162 a
161 1135 231 1162 fehlt
250 1135 274 1161 A
296 1136 329 1161 B.
351 1149 387 1154 —
407 1133 460 1164 30,
486 1134 498 1161 1
521 1135 610 1169 Kyrie
633 1135 704 1162 fehlt
725 1136 749 1162 A
772 1135 804 1161 B.

497 1246 559 1278 106.
601 1247 698 1285 Kyrie
720 1245 969 1277 clementissime.

722 1327 752 1360 1.

100 1401 130 1425 a.
156 1393 255 1431 Kyrie
280 1392 535 1433 clementissime,
778 1391 809 1425 b.
836 1392 937 1431 Kyrie
963 1397 997 1423 tu
1022 1392 1173 1432 piissime,

154 1448 271 1472 summe
297 1447 353 1471 rex
382 1444 531 1472 aeternae
556 1439 685 1482 gloriae,
836 1440 916 1480 Iesu,
945 1448 1056 1479 preces
1083 1443 1207 1472 nostras
1233 1439 1369 1480 suscipe,

153 1487 280 1522 eleison.
838 1487 966 1520 eleison.

480 1582 506 1606 c.
534 1573 642 1613 Kyrie,
670 1574 723 1614 qui
749 1573 807 1604 sub
833 1572 940 1612 specie

535 1625 644 1653 nostra
670 1625 762 1653 natus
790 1629 822 1652 es
850 1620 889 1651 de
914 1620 1048 1661 virgine,

536 1668 665 1700 eleison.

722 1737 752 1768 2.

99 1812 128 1836 a.
155 1801 290 1842 Christe,
777 1801 808 1835 b.
835 1801 972 1841 Christe,

155 1858 241 1890 spem
269 1847 379 1882 confer
403 1853 437 1881 tu
463 1850 584 1890 veniae,
835 1853 870 1880 ut
894 1849 1050 1889 possimus
1077 1849 1184 1880 vivere

153 1905 226 1929 vere
251 1897 348 1929 iudex
374 1898 495 1938 inclite,
836 1898 867 1928 in
893 1899 1066 1933 aeternum,
1095 1896 1242 1933 Domine,

154 1945 281 1979 eleison.
838 1944 968 1978 eleison.

482 2040 508 2064 c.
537 2031 674 2072 Christe,

540 2079 635 2111 vitam
662 2077 752 2111 nobis
779 2078 894 2117 tribue,

537 2127 678 2158 salvator
704 2125 856 2165 familiae,

536 2174 665 2206 eleison.

722 2240 755 2275 3.

95 2319 126 2343 a.
151 2311 262 2354 Kyrie,
291 2309 344 2351 qui
370 2317 427 2342 nos
452 2307 605 2348 sanguine
777 2304 807 2338 b.
834 2305 945 2346 Kyrie,
973 2304 1024 2338 fac
1049 2314 1105 2338 nos
1132 2306 1263 2338 crimine

151 2362 208 2391 tuo
231 2357 399 2392 redemisti
423 2356 535 2397 libere,
835 2353 921 2386 omni
945 2354 1080 2386 mundos
1105 2357 1209 2386 tecum
1234 2354 1359 2394 vivere3

151 2406 280 2441 eleison.
838 2401 966 2434 eleison.
