1650 2659
721 91 982 126 —156—

594 198 620 221 c.
649 188 749 228 Kyrie
775 191 916 227 aeterne,

649 236 735 268 Deus
761 237 794 268 in
819 236 963 275 personis
989 237 1083 276 trine,

648 287 750 324 pater,
777 284 893 324 genite,
919 292 1065 323 pneuma,

649 336 680 363 et
705 333 737 363 in
763 331 902 363 essentia
927 341 999 371 une,

647 384 680 411 te
704 379 884 420 flagitamus
909 378 992 417 fide3

648 428 777 467 eleison,
804 426 908 468 Kyrz'e
933 426 1059 460 eleison.

271 516 355 542 Cant.
382 523 434 541 rns.
464 513 608 548 pragense
634 512 813 543 ‹Wenceslai
839 512 873 539 de
903 511 1079 546 Wyskytna)
1105 512 1175 539 anni
1202 510 1282 540 1512.
1326 511 1394 540 cod.
1421 513 1494 540 Mus.

196 552 316 580 Bohem.
338 553 408 579 XIII
431 553 453 578 A
475 549 500 577 2.
522 565 559 570 —-
579 552 635 578 Str.
657 549 697 577 ‘Ze
718 550 797 577 fehlt.
819 565 855 570 ·—
876 548 893 575 3
904 560 928 577 c.
949 546 967 577 3
987 550 1084 586 genite
1105 549 1190 582 feh1t3
1211 549 1261 577 der
1281 551 1362 578 Reim
1383 549 1494 578 scheiut

194 599 229 617 zu
248 591 411 625 verlangen.
428 589 491 616 dass
506 589 585 616 diese
598 589 718 616 Klausel
736 590 787 615 mit
799 595 816 615 θ
828 588 972 617 schliesse.
988 587 1137 615 vielleicht
1147 588 1208 615 also
1222 588 1444 624 „pneumaque“.
1456 603 1493 609 —

195 628 259 664 Vgl.
282 631 319 655 im
342 629 461 664 iibrigen
485 628 540 655 den
562 627 816 663 vorhergehenden
839 627 961 661 'ri-opus.

559 734 606 764 96.
648 732 746 772 Kyrie
772 732 844 771 „Qui
866 733 1147 774 praedestinatus«.

833 809 863 841 1.

421 885 448 908 a.
475 876 532 914 Qui
560 875 824 915 praedestinatus,
853 879 1034 914 conceptus,
1061 879 1162 913 natus,

477 922 592 954 Passus
621 920 678 965 [et]
707 922 849 962 sepuitus
875 923 1089 960 resurrexisti,

477 970 575 1001 Vivus
603 969 767 1009 discipulis
794 971 982 1010 apparuisti,

702 1017 805 1056 Kyrie
830 1017 958 1049 eleison.

411 1102 441 1134 b.
470 1102 564 1133 Visus
592 1111 624 1133 es
650 1103 752 1142 primo
779 1103 901 1134 Mariae
928 1103 958 1133 in
985 1103 1086 1140 horto,

469 1151 504 1181 In
534 1150 583 1181 via
611 1149 779 1189 cleophae,
809 1151 947 1181 Thomae
973 1150 1004 1181 in
1031 1150 1133 1187 domo,

469 1198 504 1228 In
532 1197 614 1232 navi,
643 1198 695 1236 qui
722 1197 806 1228 misit
833 1207 866 1228 se
893 1198 924 1229 in
950 1206 1047 1231 mare,
1076 1198 1181 1235 Petro,

695 1244 798 1284 Kyrie
822 1244 951 1277 eleison.

423 1337 448 1361 c.
476 1329 533 1365 Qui
561 1337 667 1367 paceni
696 1330 774 1360 dans
801 1329 966 1369 discipulis
992 1337 1101 1368 pacem
1129 1328 1291 1368 relinquis,

477 1373 588 1413 Vadis,
616 1380 648 1407 ut
675 1385 745 1407 mox
773 1374 915 1419 [iterum]
942 1377 1060 1416 venias
1087 1376 1247 1416 promittis

478 1422 529 1460 Et,
558 1431 613 1454 nos
639 1424 796 1462 orphanos
822 1430 855 1455 ut
882 1434 944 1455 non
972 1425 1140 1465 relinquam,
1171 1424 1296 1457 astruis.

702 1471 805 1510 Hyrie
830 1471 958 1505 eleison,

829 1558 859 1588 2.

422 1630 450 1652 a.
478 1621 647 1659 Dragmarn
675 1621 829 1653 decimani
856 1622 909 1661 qui
934 1622 1083 1654 invenisti
1109 1621 1278 1662 perditam,

477 1669 572 1700 Ovem
601 1669 640 1700 de
668 1669 793 1700 deserto
819 1670 903 1711 (qui)
930 1669 1056 1701 reducis
1083 1669 1261 1701 erraticam.

704 1713 831 1750 Christe
855 1716 982 1750 eleison.

411 1800 441 1831 b.
467 1799 646 1840 Nonaginta
670 1810 794 1842 noveni,
821 1807 931 1842 pastor
956 1801 1049 1841 bone,
1076 1801 1207 1843 deseris,

470 1847 631 1879 Perditam
656 1858 750 1880 unam
776 1850 916 1887 gaudens
941 1851 1077 1889 imponis
1101 1849 1237 1887 umeris;

694 1895 818 1928 Christe
843 1896 970 1931 eleison,

419 1987 446 2009 c.
475 1979 610 2018 Propter
635 1981 793 2012 hominem
821 1990 890 2012 cum
917 1978 1014 2025 [ipse]
1039 1982 1083 2013 sis
1109 1981 1212 2014 factus
1237 1981 1340 2021 homo,

474 2026 619 2058 Clemens
644 2027 727 2059 hunc
752 2033 855 2060 tecum
882 2028 933 2060 fac
958 2034 991 2060 ut
1017 2030 1104 2061 vivat
1128 2031 1302 2069 perpetum

703 2075 827 2108 Christe
853 2076 980 2109 eleison.

826 2162 860 2196 3.

409 2234 439 2257 a.
467 2224 523 2264 Tu,
546 2220 604 2264 'qui
630 2226 795 2258 moriendo
821 2231 954 2260 mortem
981 2226 1130 2267 destruiS,

474 2272 568 2304 Cruci
593 2271 724 2312 affigens
751 2274 996 2315 chirographum
1020 2274 1130 2306 mortis

474 2320 516 2351 Et
543 2321 735 2360 resurgende
761 2322 856 2354 vitam
885 2323 1036 2363 restituis,

699 2369 803 2410 thrie
829 2369 957 2403 eleison.
