1650 2659
747 164 1006 199 —106—

633 315 682 345 40.
724 314 822 352 Kyrie
841 321 900 344 rex
921 313 1126 344 saeculorum.

864 413 893 446 1.

239 491 270 514 a.
297 482 408 522 Kyrie‚
436 490 491 512 rex
517 482 703 522 saeclorum,
920 479 950 513 b.
977 479 1088 519 Kyrie,
1114 478 1200 510 Deus
1227 477 1331 521 fortis,

297 529 485 562 consolator
510 533 712 567 maestorum,
978 527 1118 558 Trinitas
1144 527 1176 558 in
1202 528 1358 566 personis,

296 576 469 615 Susceptor
496 576 719 607 contristorum
977 574 1036 612 Qui
1061 573 1157 606 caelis
1183 575 1356 606 dominaris

292 624 342 654 Ac
368 623 435 654 sola
461 631 534 662 spes
560 626 765 662 maerentum,
976 623 1025 653 Ac
1050 624 1162 661 potens
1188 630 1220 652 es
1246 622 1278 653 in
1305 623 1410 663 terris,

343 671 472 702 eleison.
1026 669 1156 701 eleison.

621 783 647 807 c.
676 773 787 813 Kyrie,
815 781 870 804 rex
896 773 1057 814 immense,

677 822 736 860 Qui
762 820 829 851 sola
855 824 1014 859 potestate

676 868 859 906 Concludis,
887 868 971 907 quod
997 871 1056 909 est,
1083 875 1174 898 omne

678 915 884 954 Disponendo
910 915 1055 955 benigne,

723 961 853 994 eleison.

859 1068 889 1098 2.

239 1141 269 1165 a.
296 1131 843 1172 Christe,quemDeipatrisverbum
919 1132 948 1164 b.
977 1132 1113 1168 Christe,
1141 1132 1333 1171 principium
1360 1137 1389 1163 et
1415 1130 1497 1173 finis,

294 1179 470 1217 Credimus,
496 1179 619 1211 Mariae
645 1180 754 1217 filium,
973 1180 1031 1218 Qui
1046 1184 1177 1211 mortem
1189 1188 1300 1218 passus
1312 1188 1344 1210 es
1354 1189 1413 1219 pro
1422 1179 1529 1219 nobis,

341 1227 429 1258 Patri
457 1230 657 1257 coaeternum
1021 1228 1175 1258 Miserere
1201 1227 1311 1265 lapsis,

337 1274 379 1305 Et
405 1274 609 1313 unigenitum,
1021 1275 1126 1306 Rebus
1152 1278 1259 1305 terrae
1284 1275 1394 1313 pronis

339 1321 401 1352 Per
427 1329 518 1359 quem
544 1326 671 1352 manent
696 1325 818 1360 cuncta,
1023 1322 1062 1353 Et
1088 1326 1218 1362 peccato
1244 1321 1347 1362 fessis,

339 1366 466 1399 Veritas
493 1372 522 1398 et
547 1369 622 1407 vita,
1021 1371 1104 1408 Quos
1131 1372 1231 1400 morte
1257 1369 1380 1405 levasti,

387 1415 551 1456 Emanuel‚
579 1416 708 1449 eleison.
1069 1416 1264 1456 Misericors,
1291 1416 1420 1449 eleison.

562 1519 587 1542 6.
615 1511 640 1542 Ο
668 1510 803 1548 Christe,
832 1511 983 1550 splendor
1009 1512 1193 1547 clarissime,

616 1558 674 1589 Dei
701 1558 801 1597 patris
828 1558 1046 1599 primogenite,

664 1607 741 1638 Cum
768 1615 828 1644 quo
855 1615 961 1636 manes
988 1615 1062 1637 vere

664 1652 763 1684 Simul
789 1657 819 1683 et
845 1660 984 1695 aeterne,

664 1699 774 1731 Nostri
801 1701 961 1742 miserere,

664 1747 842 1786 Reparator
867 1748 951 1778 vitae

713 1795 950 1836 Cunctipotens,
978 1796 1107 1828 eleison.

233 1972 262 1995 a.
290 1962 440 2002 SpirituS,
467 1962 542 1994 boni
568 1964 670 2002 dator,
912 1966 943 1999 b.
971 1967 1122 2005 Trinitas,
1149 1967 1246 2007 Deus,
1273 1973 1392 2007 sancta,

289 2009 422 2042 Gratiae
453 2010 641 2043 distributor
971 2014 1063 2046 Unus
1089 2023 1122 2045 es
1147 2014 1179 2046 in
1204 2019 1328 2049 natura.

289 2057 442 2090 Caritatis
469 2061 499 2088 et
525 2062 645 2097 auctor,
975 2061 1032 2093 Cui
1058 2062 1126 2094 sola
1150 2063 1299 2094 maiestas
1321 2054 1325 2057 ¹

295 2105 385 2136 Patri
412 2108 548 2144 natoque
575 2115 712 2143 consors,
972 2109 1014 2140 Et
1040 2109 1181 2149 aequalis
1206 2115 1359 2150 potestas,

337 2152 465 2183 eleison.
975 2156 1103 2189 eleison.

615 2257 642 2282 6.
670 2249 772 2288 Kyrie
798 2249 996 2291 immortalis,

671 2296 770 2335 Opem
796 2297 924 2337 porrige
950 2298 1059 2339 lapsis,

671 2343 731 2381 Qui
755 2352 813 2374 nos
838 2353 934 2384 saepe
957 2345 1090 2387 vocasti,

672 2390 713 2423 Ut
741 2400 888 2423 vocemur
913 2392 1016 2432 electi,

718 2439 848 2471 eleison.
