1650 2659
714 128 968 164 -357—

193 220 257 252 3a.
285 219 396 252 Rubus
421 219 643 261 inflammatus,
881 223 943 257 3b.
970 223 1067 264 Virga
1092 233 1154 256 non
1179 225 1291 265 rigata,

285 267 355 300 Nec
379 271 487 300 tamen
512 273 686 304 crematus:
968 269 1064 302 Flore
1091 269 1272 303 fecundata.

192 346 256 376 4a.
285 343 396 375 Venus
423 343 593 385 Gedeonis,
883 345 945 377 4b.
973 345 1118 377 Thronus
1144 345 1330 379 Salomonis.

190 421 255 451 52.
280 418 325 451 Et
350 427 442 451 voces
459 419 665 459 propheticae
692 443 709 462 *
834 443 852 463 *
883 419 944 453 51).
972 420 1268 460 Praefiguraverunt

189 514 253 545 62.
281 512 373 544 Hanc
387 516 418 543 et
432 512 660 552 praedixerunt
687 537 705 557 *
761 490 780 509 *
830 537 848 557 *
878 513 940 547 6b.
968 514 1062 555 Legis
1089 515 1187 547 verba
1213 518 1358 556 mystice.

190 590 253 621 7a.
279 590 361 628 Ave,
390 588 486 619 decus
513 588 680 629 virginum,
885 589 944 622 7b.
972 591 1051 627 Ave,
1079 592 1163 623 salus
1190 592 1358 627 hominum.

191 664 252 697 83,
279 663 346 695 Nos
373 664 540 695 mundatos
567 673 585 694 a
612 665 697 696 vitiis
879 665 941 698 Sb.
969 665 1056 697 Caeli
1082 667 1175 709 iunge
1203 668 1324 700 deliciis

686 742 719 775 9,
745 739 790 772 In
817 741 956 775 excelsis.

256 825 392 852 Cantion.
415 834 465 851 ηις.
482 825 630 852 Gallicum
649 834 724 853 saec.
742 824 784 852 13.
819 827 889 853 Cod.
906 827 1163 862 Guelfenbyteran.
1178 828 1232 856 677
1246 829 1353 859 (Helm.
1368 828 1442 863 628).
1460 845 1497 850 --

176 861 232 895 21),
254 861 272 890 2
293 863 407 898 Virgini
429 865 515 890 matri
537 863 658 891 Mariae.
684 879 713 882 —
738 864 796 891 Cfr.
819 864 981 892 Milchsack
1003 866 1026 897 Ι,
1048 876 1073 901 p.
1096 864 1160 893 221.

587 1012 653 1043 360.
685 1013 828 1044 flosanna
853 1012 925 1050 „Qui
948 1012 1095 1044 venisti“.

688 1112 716 1145 1.
744 1111 919 1149 Hosamm,

186 1190 246 1220 Aa.
274 1186 332 1226 Qui
360 1186 473 1217 venisti
876 1187 936 1221 2b.
964 1187 1006 1219 Et
1033 1189 1149 1220 exaudi

275 1243 400 1265 carnem
428 1243 554 1266 sumens
581 1243 619 1265 ex
646 1239 747 1266 matre
964 1240 1094 1267 cunctos
1122 1234 1256 1267 famulos
1283 1240 1365 1275 tuos,

271 1290 330 1322 pro
356 1281 451 1313 totius
962 1286 996 1314 ut
1022 1283 1179 1322 possimus

272 1329 381 1361 mundi
407 1329 519 1371 salute,
962 1330 1074 1362 laudes
1100 1339 1247 1370 promere

270 1377 318 1408 Tu
344 1386 400 1408 nos
426 1377 466 1408 ab
493 1377 583 1408 hoste
611 1380 760 1417 potenter
963 1378 1034 1409 Tibi
1063 1387 1139 1409 voce
1166 1376 1346 1410 indefessa:

267 1424 371 1456 libera
965 1425 1131 1457 Hosmma

683 1503 714 1536 3.
741 1501 785 1532 In
812 1501 950 1534 excelsis.

249 1587 328 1622 Trop
361 1596 413 1613 ms.
435 1586 636 1619 Casinenset?)
666 1594 742 1613 saec.
772 1585 816 1612 11.
846 1595 890 1612 ex.
930 1586 1001 1613 Cod.
1022 1587 1156 1613 Vatican.
1184 1587 1287 1614 Urb‘m.
1313 1584 1377 1613 602.
1400 1588 1433 1614 A.
1457 1603 1491 1606 -—

167 1625 259 1661 Trop.
283 1634 334 1651 ms.
357 1626 581 1652 Ravennatense
603 1633 678 1651 saec.
702 1623 774 1650 ¹¹0'12.
811 1623 880 1651 Cod.
899 1623 993 1659 Capit,
1010 1624 1151 1651 Mutinen.
1167 1624 1191 1651 O
1214 1626 1227 1652 I
1250 1623 1274 1651 7.
1291 1626 1322 1651 B.
1346 1640 1379 1643 —
1403 1625 1490 1652 Grad.

171 1671 224 1690 ms.
254 1663 357 1691 inoert.
390 1664 496 1698 origin.
528 1663 599 1689 anni
632 1660 702 1690 1071
728 1661 815 1695 (nach
842 1661 995 1696 Georgius,
1021 1662 1064 1690 De
1092 1663 1205 1697 Liturg.
1231 1663 1353 1690 Roman.
1380 1664 1488 1690 Pontif.

172 1699 331 1732 1731—44‚
361 1705 427 1728 tom
450 1701 511 1733 111,
540 1710 566 1736 p.
589 1699 665 1731 523)
687 1700 716 1726 C.
738 1714 775 1718 —
795 1701 881 1735 Trop.
905 1709 956 1726 ms.
978 1702 1215 1727 Beneventanum
1238 1709 1312 1728 saec.
1337 1700 1378 1728 11.
1419 1702 1489 1729 eod.

166 1740 264 1776 Capit.
288 1740 486 1767 Beneventan.
509 1737 554 1766 29.
578 1740 613 1765 D.
635 1753 671 1757 —-
692 1739 778 1773 Trop.
801 1747 853 1764 ωε.
872 1739 1108 1766 Beneventanum
1131 1747 1206 1765 saec.
1230 1737 1272 1766 12.
1307 1739 1376 1767 Cod.
1393 1741 1488 1776 Capit.

169 1778 368 1806 Beneventan.
391 1776 435 1805 25.
457 1778 492 1804 Ε.
515 1792 551 1795 -
573 1777 610 1807 (D
633 1779 670 1804 ist
691 1776 771 1803 nieht
792 1776 1013 1807 kollationiert).
1035 1791 1071 1794 —
1092 1774 1140 1809 2a,
1162 1774 1180 1802 3
1201 1778 1291 1804 totius
1313 1777 1384 1805 fehlt
1399 1779 1431 1805 B.
1455 1794 1489 1798 —

166 1813 222 1849 2b,
243 1815 262 1843 4
284 1816 385 1844 laudes
407 1824 510 1843 canere
528 1817 558 1842 B.
582 1830 618 1833 —
639 1814 749 1843 Gehiirt
770 1815 799 1840 in
821 1814 845 1840 A
860 1816 883 1840 C
898 1814 923 1841 E
945 1823 1009 1841 zum
1031 1814 1219 1849 prosaisehen
1234 1816 1488 1852 Sanctus-Tropus

169 1855 289 1889 „Deus
311 1858 419 1890 pater
442 1852 667 1889 ingenitus“.

576 2002 634 2033 361.
666 2001 810 2033 nonaum
833 2001 903 2038 „Pie
928 2001 1076 2033 Chi-iste“.

702 2093 733 2124 1.
759 2091 935 2129 Hosanna,

169 2173 233 2205 22.
263 2172 319 2203 Pie
344 2170 482 2208 Christe,
866 2167 929 2200 2b.
956 2168 1033 2199 Dira
1059 2169 1129 2200 iura

264 2218 460 2250 descendisti
487 2217 528 2250 ad
555 2221 672 2248 terram
952 2216 1023 2255 ipsa
1048 2217 1161 2249 dextra
1188 2219 1388 2259 conculcans,

261 2266 413 2297 mundum
440 2268 495 2297 tua
951 2267 1077 2295 sanctos
1102 2273 1225 2297 sursum

260 2312 387 2346 factura
412 2312 550 2351 salvanS,
952 2310 1060 2342 levans
1086 2312 1127 2343 ad
1153 2313 1276 2348 aethra,

261 2360 381 2393 inferni
409 2359 548 2392 claustra
951 2362 986 2389 ut
1011 2359 1070 2391 tibi
1094 2359 1206 2393 laudes

261 2407 450 2448 confregisti
475 2407 614 2447 fortiter,
953 2407 1122 2440 decantent
1147 2409 1182 2440 in
1209 2408 1349 2442 excelsis.
