1650 2659
687 116 945 152 ——265—

253 205 398 240 Domine
423 207 473 249 fili
497 209 670 253 wm'yenite,
698 211 773 244 Iesu
801 212 926 247 Christe
942 232 989 237 -—
1013 215 1162 247 miserere
1186 215 1286 253 nobis,

483 259 514 290 4.
542 257 602 296 Qui
625 258 657 289 in
684 260 804 291 caelum
830 262 1012 304 ascendisti,

547 305 676 337 Sacrum
704 306 816 338 flamen
842 308 1000 350 infudisti,

544 351 727 392 Discipulos
755 355 899 395 docuisti,

589 401 675 440 Quae
699 403 867 437 credimus,

252 471 315 512 Qui
339 471 427 505 tollis
451 476 582 512 peccata
607 476 734 515 mundi,
758 478 886 520 suscipe
910 479 1161 518 deprecationem
1188 482 1343 512 nostram.

483 524 514 556 5.
542 522 639 560 Quem
664 533 731 555 cum
758 529 850 564 patre
877 530 907 556 et
933 532 1078 558 neumate

538 569 706 602 Essentiae
732 573 852 603 unitate

540 617 642 649 Deum
670 628 777 650 verum
803 620 946 651 trinitate

586 665 793 699 Concolimus.

250 737 313 777 Qui
337 738 426 770 sedes
452 739 497 770 ad
521 739 685 772 dexteram
704 742 813 781 patris
840 761 885 764 —
910 745 944 773 tu
969 743 1056 775 solus
1083 743 1271 783 altissimus,

481 788 512 820 6.
539 787 585 818 Te
610 788 701 820 nobis
727 790 948 821 eucharistiam

541 834 717 866 Salutarem
744 837 822 868 dans
849 838 1002 874 hostiatim

539 882 656 913 Tecum
683 888 877 923 assumptam
902 885 1038 916 Mariam

589 930 800 965 Coucinimus.

247 972 325 1006 Iesu
353 975 479 1008 Christe
502 985 574 1008 cum
599 979 711 1009 sancto
737 978 857 1017 spiritu
882 978 916 1008 in
942 978 1049 1018 ylaria
1075 977 1138 1008 Dee·
1161 977 1276 1016 patris.

227 1049 315 1084 Trop.
336 1058 389 1076 ωε.
404 1050 434 1077 S.
448 1049 529 1078 Petri
544 1051 681 1086 Aptensis
697 1060 771 1078 saec.
789 1049 861 1078 ¹⁰!u.
893 1052 964 1078 Cnd.
980 1052 1010 1078 S
1026 1053 1125 1079 Annae
1142 1052 1240 1086 Apteu.
1253 1050 1281 1077 4.
1295 1067 1331 1070 —
1347 1052 1461 1078 Dat-aus

153 1086 314 1152 fugfigiert
333 1096 390 1114 von
400 1087 540 1151 tGastoue
570 1091 599 1115 iu
620 1089 670 1116 der
691 1090 789 1116 Revue
814 1089 851 1116 du
873 1090 960 1117 ebant
981 1090 1156 1125 (inegerit—en,
1182 1090 1253 1115 Nov.
1280 1088 1359 1116 1903.
1380 1103 1417 1108 —
1438 1088 1462 1121 5,

276 1134 360 1160 prece
381 1134 397 1152 e
412 1145 419 1152 .

512 1200 581 1230 202.
623 1199 701 1230 Laus
724 1201 839 1235 „Natus
860 1203 908 1231 est
929 1201 1105 1231 Salvator&

575 1261 613 1287 In
641 1261 856 1288 Nativitate
882 1262 1038 1289 Domini.

147 1334 265 1368 Gloria
297 1336 333 1367 in
368 1336 496 1369 excelsis
521 1337 592 1369 Deo
623 1341 651 1369 et
676 1338 710 1369 in
738 1340 827 1369 terra
851 1347 923 1378 panc
947 1338 1146 1370 hominibus
1172 1336 1459 1369 bonaevolzmtatis.

147 1477 178 1500 a.
215 1468 337 1510 „Natus
363 1472 411 1500 est
436 1469 578 1501 salvator
604 1468 745 1511 mundi“‚
836 1469 865 1502 b.
894 1470 946 1501 Ad
973 1479 1147 1509 praesaepe
1174 1471 1356 1504 laetabundi

234 1516 328 1548 Canit
354 1516 468 1548 chorus
494 1518 687 1556 angelorum,
921 1518 1068 1549 Pastores
1095 1518 1156 1549 cito
1184 1524 1346 1562 venerunt,

234 1563 421 1602 „Christus“
432 1564 532 1602 Iesus,
541 1573 595 1596 rex
605 1565 774 1603 caelorum,
918 1564 1074 1596 Infantem
1101 1566 1314 1598 adoraverunt

255 1611 303 1643 De
329 1611 435 1643 Maria
461 1612 594 1652 virgine.
947 1613 1023 1644 Cum
1050 1613 1154 1644 Maria
1182 1614 1313 1654 virgine.

144 1658 344 1691 Laudamus
369 1677 415 1681 ——
440 1657 674 1699 Glorificamus
700 1663 740 1692 te.
837 1659 973 1692 Gratias
998 1679 1044 1682 —
1063 1663 1159 1701 pater
1185 1662 1394 1701 omnipotens.

792 1729 823 1760 2.

142 1792 174 1816 a.
206 1782 276 1814 Rex
302 1792 408 1824 regum
437 1783 686 1825 circumciditur,
834 1784 866 1817 b.
894 1784 981 1816 Iesus
1008 1794 1025 1815 a
1049 1785 1148 1824 magis
1175 1785 1346 1825 quaeritur⁷

229 1830 292 1862 Per
316 1840 407 1871 quem
430 1832 566 1864 mundus
584 1832 772 1871 salvabitur,
916 1833 1047 1873 Aurum,
1067 1836 1117 1863 tus
1131 1833 1291 1864 murrham
1308 1832 1455 1866 deferunt

228 1878 318 1910 Iesus
344 1888 457 1912 nomen
483 1880 658 1920 imponitur
917 1879 959 1910 Et
985 1879 1119 1911 adorant
1146 1883 1175 1911 et
1202 1881 1335 1912 offerunt

251 1927 300 1959 De
325 1927 431 1959 Maria
458 1928 591 1967 virgine.
939 1927 1017 1959 Cum
1043 1928 1148 1959 Maria
1175 1928 1305 1968 virgine.

142 1973 286 2007 Domine
309 1975 402 2007 Deus
429 1993 473 1998 —-—
498 1975 587 2015 filius
606 1975 728 2016 patris.
832 1975 894 2016 Qui
920 1975 1006 2006 tollis
1031 1993 1077 1997 —
1103 1975 1224 2015 deprec.
1252 1979 1409 2008 nostram.

785 2044 816 2076 3.

140 2108 171 2132 a.
202 2100 429 2132 Praesentatus
453 2102 502 2130 est
526 2100 558 2131 in
585 2099 704 2138 templo
831 2098 861 2131 b.
888 2099 1025 2131 Mariam
1051 2100 1118 2130 sine
1144 2099 1289 2138 exemplo

225 2148 325 2189 Iesus,
353 2147 476 2179 aeterni
501 2146 596 2188 filius,
915 2147 1030 2178 Veram
1057 2150 1187 2178 matrem
1216 2147 1339 2185 elegisti

225 2195 343 2227 Natum
371 2194 483 2226 laudat
507 2204 603 2226 senex
629 2194 701 2234 pius
912 2193 953 2225 Et
980 2195 1012 2225 in
1039 2194 1160 2226 caelum
1186 2194 1385 2234 assumpsisti

249 2243 327 2275 cum
353 2241 460 2274 Maria
485 2242 618 2282 virgine.
939 2241 1021 2273 Cum
1046 2245 1156 2274 sancto
1181 2242 1299 2281 spiritu

138 2290 203 2332 Qui
227 2290 316 2324 sedes
343 2308 388 2313 —-
412 2289 490 2322 Iesu
520 2289 655 2327 Christe,
828 2289 863 2319 in
891 2288 994 2330 qloria
1018 2289 1083 2321 Dei
1102 2289 1221 2329 patris.

214 2366 297 2393 Miss-
313 2364 614 2393 Gallicano-Siculum
637 2365 704 2399 imp.
720 2364 854 2391 Venetiis
877 2361 959 2391 1:268.
982 2378 1019 2382 —
1037 2362 1088 2397 3a,
1110 2362 1127 2390 2
1148 2364 1285 2392 salvator.
1304 2379 1341 2382 —
1361 2361 1414 2396 31³,
1436 2360 1454 2390 2

135 2407 167 2432 et
186 2405 345 2432 mun-ham.
