1650 2659
660 134 915 168 -167—

583 254 643 284 108.
684 255 782 294 Kyrie
804 255 883 286 Deus
903 257 1002 296 pater.

150 420 179 444 a.
206 410 315 449 Kyrie,
831 410 860 443 b.
889 411 998 450 Kyrie‚

206 456 292 489 Deus
316 459 408 495 pater
433 456 582 497 ingenite,
891 458 1043 490 Conditor
1069 456 1159 497 caeli,
1185 458 1330 498 marium,

208 505 327 543 Regum
354 512 410 536 rex
436 505 555 547 inclite,
891 505 1068 537 Plasmator
1093 504 1242 541 omnium,

255 551 450 590 Flagitamus
460 562 466 582 :
937 553 1121 593 Rogitamus
1132 560 1138 583 :

300 598 440 631 Eleison.
983 601 1123 632 Eleison.

530 694 555 717 c.
583 685 694 724 Kyrie,

585 732 671 764 Fons
697 733 780 764 vitae
804 732 1000 771 indeficiens,

587 781 653 820 Quo
678 787 785 813 manat
811 780 859 812 vis
885 781 1003 821 ingens,

635 828 827 860 Petitamus:

680 875 820 908 Eleison.

766 972 796 1002 2.

149 1044 176 1067 a.
203 1034 336 1075 Christe,
825 1037 856 1068 b.
885 1036 1021 1075 Christe,

203 1082 340 1114 Verbum
367 1084 468 1122 patris
493 1084 702 1124 incarnatum,
883 1084 942 1121 Qui
969 1083 1008 1115 de
1035 1084 1130 1115 caelis
1157 1082 1350 1114 descendisti

201 1129 249 1161 De
274 1130 396 1170 virgine
421 1135 539 1169 natum,
881 1131 1081 1170 Mortemque
1106 1130 1231 1168 subisti,

246 1178 291 1209 Te
316 1187 479 1217 rogamus:
928 1178 973 1209 Te
999 1183 1159 1218 optamus:

291 1225 432 1259 Eleison.
974 1226 1115 1258 Eleison.

509 1321 536 1345 c.
564 1311 699 1350 Christe,

564 1359 628 1391 Pro
654 1364 707 1391 tuo
733 1369 824 1391 sacro
850 1361 1009 1400 sanguine,

560 1407 646 1439 Fuso
673 1407 712 1438 de
738 1416 871 1447 corpore

610 1454 831 1494 Supplicamus
842 1465 848 1484 :

657 1502 799 1535 Eleison.

761 1590 792 1622 3.

138 1661 166 1686 a.
192 1653 303 1692 Kyrie‚
824 1655 853 1687 b.
883 1654 994 1694 Kyrie‚

194 1701 374 1732 Procedens
401 1701 441 1732 ab
466 1705 610 1742 utroque,
879 1701 1029 1734 Cordium
1057 1699 1188 1732 mirifice

190 1747 238 1780 Tu
265 1757 388 1781 sacrum
414 1747 539 1788 flamen,
878 1748 1068 1779 Pun'ficator

192 1796 397 1828 Peccatorum
423 1797 577 1835 levamen,
877 1799 983 1836 Atque
1007 1796 1195 1833 illustrator,

238 1844 433 1876 Exorarnus:
924 1843 1116 1875 Affectamus
1129 1854 1135 1874 :

285 1891 426 1925 Eleison.
971 1891 1111 1922 Eleison.

533 1988 558 2010 c.
587 1978 700 2018 Kyrie,

586 2025 635 2056 Tu
661 2025 713 2065 qui
739 2026 824 2057 solus
851 2033 884 2055 es
910 2024 996 2065 Dens

584 2072 673 2105 Unus
699 2082 736 2104 ac
763 2081 865 2111 vernS,

588 2121 686 2152 Pater
711 2125 741 2153 et
767 2121 850 2152 filius

585 2168 785 2207 Spiritusque
810 2171 948 2208 sanctus,

634 2215 774 2247 Subnixe
799 2223 985 2255 precamur:

680 2263 822 2296 Eleison.

185 2349 269 2377 Cant.
293 2357 347 2376 ms.
368 2348 517 2384 Pragense
538 2357 613 2376 saec.
637 2346 679 2374 15.
701 2350 731 2375 et
753 2347 796 2375 16.
830 2348 900 2376 cod.
914 2348 1037 2385 pragen.
1052 2349 1094 2376 VI
1109 2348 1131 2375 C
1152 2346 1188 2375 20
1197 2356 1222 2374 a.
1238 2347 1271 2373 A.
1287 2361 1323 2364 —
1337 2344 1425 2373 Grad.

108 2395 162 2417 ms,
182 2387 332 2424 Pragense
353 2395 429 2414 saec.
451 2385 496 2414 16.
516 2389 557 2414 in.
591 2385 662 2413 Cod.
683 2386 808 2422 Pragen.
828 2386 871 2413 VI
890 2387 915 2414 B
933 2384 980 2414 24.
995 2388 1028 2414 B.
1051 2402 1087 2406 ——
1107 2387 1189 2414 Cant.
1211 2394 1264 2413 ms.
1278 2385 1426 2419 Pragense

106 2425 286 2460 (Wenceslai
313 2425 349 2452 de
374 2425 555 2460 Wyskytna)
584 2425 654 2451 anni
685 2422 766 2452 1512.
808 2424 878 2453 Cod.
905 2426 981 2453 Mus.
1007 2426 1126 2453 Bohem.
1149 2424 1222 2451 XIII
1243 2424 1265 2450 Α
1289 2421 1314 2449 2.
1337 2424 1359 2449 C
1391 2435 1426 2438 —-
