1650 2659
816 211 860 217 -—
911 192 1075 226 246—-

291 291 312 319 f.
335 305 370 309 —
394 290 411 319 9
437 291 528 326 lapsis
550 291 573 317 B
595 290 617 317 C
640 291 665 317 D
686 289 698 315 I
720 286 741 315 h
763 285 785 315 k
804 286 832 320 1;
859 287 967 314 mundo
994 285 1025 314 k.
1044 301 1082 306 —
1105 285 1140 314 10
1163 286 1335 323 quadrifidis
1359 286 1396 320 k.
1424 288 1598 318 conscendes

291 331 331 363 (μ
353 331 457 357 robora
479 329 552 356 caeli
574 328 608 358 U,
630 327 741 362 lignum
764 324 794 353 k.
817 340 850 344 —
875 323 918 351 11.
941 325 1055 360 Dignus
1076 325 1232 359 CG'PX;
1254 328 1368 361 patrum
1383 325 1426 358 113
1448 331 1598 362 praestans

290 370 312 395 C
333 367 358 394 G
379 369 407 395 H
434 374 463 402 g.
485 381 521 386 —-
546 364 578 393 13
604 365 675 392 fehlt
695 362 733 391 ΑΒ
756 364 777 389 B
799 364 825 391 E
847 363 870 390 F
891 363 925 390 L.
949 377 977 381 —-
1005 362 1039 390 14
1064 363 1137 391 fehlt
1157 363 1187 390 C.
1209 378 1246 383 —
1269 361 1303 390 14
1323 364 1392 391 Tibi
1417 364 1482 392 laus
1506 365 1600 394 honor

290 407 383 433 virtus
410 409 437 432 et
462 406 586 431 victoria
614 412 690 430 nune.
716 406 744 428 et
771 411 821 438 per
848 402 867 427 i.
895 410 918 427 Β.
946 399 967 428 1'.
992 415 1030 419 —
1056 403 1112 429 Die
1135 402 1306 437 Verteilung
1331 402 1382 429 des
1403 401 1597 432 Gloriaoextes

288 444 341 470 auf
363 444 409 471 die
439 444 591 469 einzelnen
618 442 794 468 Hexameter
821 441 860 466 ist
886 440 916 466 in
942 439 1167 467 verschiedeueu
1189 440 1312 474 Quellen
1337 439 1535 467 verschiedeu.
1560 457 1596 462 —

291 485 367 508 ¹<tan
388 480 462 508 7-9
484 481 533 507 hat
555 479 566 507 i
586 488 660 514 ganz
682 477 907 514 cigentiimliche
926 478 1033 509 Verse,
1059 478 1147 505 deren
1167 477 1336 514 Mitteilung
1356 478 1419 505 hier
1438 478 1598 507 iiberseheu

290 519 386 547 warde
408 519 466 546 und
489 520 526 544 im
548 517 713 552 Nachtrage
734 516 874 551 gphrat-ht
894 516 1009 542 werden
1031 516 1095 543 soll.

710 655 770 685 183.
802 655 881 685 Laus
902 655 975 692 „Qui
998 655 1175 686 barathri“.

676 726 714 751 In
738 725 1027 751 Resurrectione
1048 725 1206 751 Domini.

610 810 723 843 Gloria
752 811 784 841 in
813 810 941 843 excelsis
964 811 1034 842 Deo
1061 813 1088 842 et
1113 811 1148 841 in
1174 813 1262 842 terra
1281 820 1352 850 pax

608 858 792 891 hominibus
818 859 920 889 bonae
944 858 1128 890 voluntatis.

463 935 492 967 1.
518 935 577 975 Qui
604 934 746 966 barathri
774 931 890 966 fractis
919 934 1045 965 voluisti
1071 942 1202 973 surgere
1228 933 1391 974 claustris,

564 982 607 1014 Et
632 981 743 1012 mortis
771 981 877 1014 vincla
901 982 1024 1012 solvere
1051 986 1151 1012 morte
1177 986 1244 1021 tua,

609 1029 804 1060 Laudamus
829 1032 868 1060 te.

462 1107 491 1138 1.
520 1106 616 1144 Quem
643 1105 748 1142 teum,
775 1112 875 1139 mare.
903 1114 992 1144 quem
1021 1105 1107 1136 sidus
1134 1105 1295 1137 benedicit
1315 1108 1346 1137 et
1372 1114 1476 1144 omne,

559 1153 600 1184 Et
628 1162 684 1183 nos
709 1152 741 1182 in
768 1150 867 1185 terris
893 1152 1023 1183 vocibus
1050 1151 1250 1191 hymnisonis

605 1199 836 1231 Benedicimus
860 1202 897 1231 ce.

456 1277 487 1309 3.
517 1277 613 1314 Quem
641 1279 690 1306 ter
713 1279 821 1307 ternus
848 1284 944 1314 apex.
973 1276 1072 1307 divini
1099 1276 1236 1307 numinis
1261 1275 1375 1316 index,

560 1324 695 1361 Laudat,
723 1323 897 1362 glorificat,
924 1323 1033 1361 servit,
1059 1324 1184 1362 adorat,
1212 1322 1312 1363 amat,

606 1370 793 1402 Adoramus
819 1372 857 1402 te.

456 1451 488 1480 ὃ.
519 1448 610 1480 Solus
635 1445 828 1487 splendiferi
853 1448 1017 1478 stellarum
1043 1447 1170 1479 nomina
1196 1445 1279 1480 caeli

558 1496 660 1528 Nosti.
688 1496 750 1526 seis
777 1502 909 1527 cursum
936 1500 966 1525 et
992 1496 1110 1525 retines
1137 1503 1318 1536 numerum,

605 1542 835 1582 Glorificeamus
862 1545 899 1574 ie,

455 1620 487 1650 5.
515 1619 573 1657 Qui
600 1619 690 1650 nobis
717 1624 830 1658 portas
859 1619 942 1650 vitae
968 1627 1027 1658 pro
1055 1619 1184 1650 crimine
1211 1619 1339 1653 clausas

560 1666 707 1697 Festinas
734 1664 802 1699 nati
829 1667 971 1706 pandere
998 1671 1099 1698 morte
1125 1665 1184 1706 tui,

607 1713 742 1745 Gratias
769 1714 896 1754 aqimus
922 1714 979 1746 tibi
1003 1732 1049 1736 ——
1073 1715 1108 1745 in
1132 1714 1238 1754 „aleria
1264 1713 1329 1746 Dei
1348 1713 1468 1752 patris.

363 1808 449 1841 Trop.
470 1815 526 1834 ms.
546 1807 699 1834 Aedueuse
721 1816 795 1835 saec.
820 1805 894 1834 ¹⁰l11.
929 1808 998 1836 Cod.
1020 1808 1146 1836 Parisin.
1169 1810 1270 1836 Arsen.
1294 1806 1376 1835 1169.
1395 1807 1430 1834 A.
1451 1821 1488 1826 -
1506 1807 1593 1842 Trop.

288 1854 338 1871 ιηε.
362 1846 643 1879 Sammaglorianum
672 1855 746 1872 saec.
779 1846 819 1873 12.
862 1846 930 1873 Cod.
952 1847 1076 1874 Pax-isin.
1107 1845 1213 1874 13252.
1236 1847 1267 1874 Β.
1289 1861 1322 1866 -—
1344 1846 1431 1881 Trop.
1452 1855 1503 1872 ms.
1523 1845 1592 1873 Pru-

286 1884 393 1910 miense
416 1892 490 1909 saec.
514 1883 586 1910 1Ψιι.
628 1885 698 1911 Cod.
718 1885 845 1912 Parisin.
868 1883 953 1912 9448.
975 1886 1006 1912 C.
1028 1900 1064 1904 —
1085 1886 1172 1920 Trop.
1194 1894 1246 1912 ms.
1267 1884 1502 1912 Emmeramense
1522 1885 1591 1910 anni

289 1919 445 1948 1024-36.
475 1922 545 1948 Clm.
568 1923 720 1949 Monacen.
744 1922 848 1950 14322.
874 1923 910 1950 D.
933 1938 968 1942 —
989 1923 1077 1959 Trop.
1098 1933 1150 1950 ms.
1173 1924 1201 1951 S.
1223 1923 1338 1950 Arnulfi
1356 1923 1496 1950 Metensis
1517 1929 1589 1949 saec.

288 1957 331 1985 12.
353 1960 392 1986 in.
433 1959 502 1986 eod.
524 1960 630 1987 Meten.
652 1959 717 1987 452.
741 1960 775 1988 E.

362 1998 447 2033 Trop.
477 2006 528 2025 ms.
551 1998 579 2025 S.
601 1998 746 2034 Ebrnlphi
769 2009 844 2026 saec.
869 1998 912 2026 12,
955 1999 1024 2026 Cod.
1046 2001 1171 2027 Parisin.
1198 1997 1302 2027 10508.
1324 2001 1354 2027 F.
1376 2013 1412 2018 —
1433 2000 1518 2034 Trop.
1539 2007 1590 2025 ms.

285 2036 312 2062 S.
334 2036 442 2063 Albani
465 2044 539 2064 saec,
563 2035 605 2063 12.
641 2038 710 2064 eod.
731 2038 893 2065 Loudinen.
915 2039 985 2072 Reg.
1008 2036 1025 2064 '2
1039 2039 1062 2065 B
1087 2039 1137 2065 IV.
1153 2040 1187 2067 G.
1211 2053 1248 2056 —
1267 2038 1355 2074 Trop.
1375 2046 1428 2064 ms.
1442 2037 1471 2065 S.
1485 2036 1590 2064 Albani

288 2082 362 2100 saec.
386 2072 429 2100 12.
473 2074 541 2101 Cod.
563 2077 703 2102 (jxonien.
727 2076 818 2103 Laud.
840 2077 919 2103 misc.
942 2074 1006 2103 353.
1029 2078 1065 2103 H.

363 2111 387 2145 1,
412 2111 424 2138 1
448 2113 505 2138 und
527 2111 544 2138 2
566 2113 660 2140 fehlen
676 2114 709 2140 E.
732 2130 764 2134 —
795 2114 817 2146 1,
842 2113 854 2140 1
878 2115 935 2149 Qui
956 2115 990 2141 de
1012 2119 1103 2142 morte
1125 2118 1207 2142 tuum
1226 2115 1347 2143 voluisti
1362 2123 1479 2149 surgere
1493 2115 1591 2140 natum

282 2150 305 2176 F
326 2150 351 2177 G
372 2151 400 2177 H
426 2150 500 2182 (eine
523 2151 699 2182 Kmrektur,
729 2152 775 2179 die
796 2152 1039 2180 wahrscheinlich
1061 2154 1233 2185 wiederum.
1263 2155 1318 2181 wie
1339 2162 1370 2180 so
1393 2152 1450 2185 oft,
1477 2160 1528 2179 aus
1549 2150 1590 2179 St.

284 2188 408 2216 Evroult
430 2192 563 2223 stammt).
584 2203 620 2207 —
644 2189 671 2221 1,
700 2188 717 2216 2
739 2191 856 2218 vincula
879 2192 915 2220 C:
945 2195 1037 2219 morte
1058 2201 1112 2219 sua
1133 2192 1155 2219 F
1176 2193 1201 2220 G
1222 2193 1260 2220 H.
1282 2207 1318 2213 ε-
1339 2190 1372 2224 5,
1399 2189 1413 2218 1
1437 2191 1493 2224 Qui
1513 2189 1591 2216 vitae

285 2230 386 2262 portas
408 2227 495 2253 nobis
517 2236 567 2262 pro
591 2227 613 2253 F
634 2230 657 2255 G
681 2230 715 2254 Η.
739 2243 773 2248 -—
797 2229 823 2261 5,
845 2228 862 2256 2
884 2230 1024 2266 Dignaris
1046 2232 1108 2258 nati
1129 2231 1151 2258 F
1172 2232 1198 2259 G
1218 2232 1257 2258 H.
1279 2244 1308 2249 —
1335 2230 1406 2258 InB
1426 2229 1500 2264 folgt
1517 2227 1592 2254 noch

283 2265 335 2291 das
357 2265 525 2292 Distichon:

517 2319 598 2346 Unus
620 2329 649 2346 es
672 2323 759 2355 atque
782 2330 901 2348 manens
922 2323 1046 2355 naturis,
1067 2321 1192 2356 Christe,
1213 2322 1336 2355 duabus,

551 2358 695 2384 Constans
719 2368 802 2386 verus
824 2359 919 2391 homo.
942 2369 1028 2388 verus
1050 2364 1080 2388 et
1099 2362 1162 2396 ipse
1182 2362 1273 2388 Deus.

287 2409 385 2437 ⁸<chon
416 2409 466 2436 der
493 2410 610 2446 Mangel
641 2411 690 2438 des
722 2417 803 2439 sonst
834 2422 930 2449 genau
957 2414 1169 2441 beobachteten
1196 2414 1398 2441 Binnenreims
1424 2410 1522 2438 verrit
1544 2408 1592 2436 die

286 2449 407 2514 splsziietirer
416 2448 577 2522 eZgllltlag“-
599 2449 663 2477 Den
680 2450 833 2478 Abschluss
855 2452 947 2480 bildet
968 2453 999 2479 in
1020 2453 1099 2480 allen
1114 2453 1238 2486 Quellen
1258 2452 1310 2481 der
1321 2449 1590 2487 Regnssmffi⁰l³¹¹⁵²

285 2508 297 2521 ,7
541 2508 546 2513 .
