1650 2659
733 144 994 179 -118—

285 241 373 278 Trop.
401 250 453 268 ms.
474 241 663 269 Martialense
689 249 763 269 saec.
799 239 842 268 11.
863 249 907 267 ex.
948 240 1017 268 Cod.
1038 241 1164 268 Pal-isin.
1189 238 1270 268 1132.
1290 240 1354 269 add.
1375 249 1449 269 saec.
1473 240 1516 270 13.

210 280 245 308 A.
271 295 307 299 —
334 280 416 307 Miss.
444 280 654 308 Lemovieense
680 280 748 315 imp.
776 276 884 315 [1540]
916 280 946 306 Β.
970 293 1008 299 -·
1036 278 1075 307 lb
1096 279 1154 306 und
1180 277 1218 306 lc
1241 279 1407 314 umgesoellt
1427 281 1459 307 Α.
1480 294 1518 300 ’-

208 317 259 390 {Z
274 316 389 384 {ntzekssssl}
403 319 569 384 ngestellt
583 319 616 345 A.
632 332 668 336 —
683 315 731 350 2c,
753 317 771 345 2
786 318 878 345 Natus
893 317 1009 344 Christe
1022 318 1056 345 A.
1069 332 1107 336 —
1120 315 1169 351 3c,
1194 316 1206 344 l
1224 319 1279 352 Qui
1293 317 1416 345 Mariam
1434 319 1463 345 B.
1481 332 1518 338 ο-

591 420 638 450 52.
680 419 778 459 Kyrie
802 420 960 457 „Summae
982 419 1140 460 sophiae&

230 558 260 581 a.
289 548 434 580 Summae
457 549 588 587 sophiae

283 597 417 637 genitor,
444 596 541 637 Deus,

283 644 381 675 verbo
407 644 458 682 qui
486 646 599 674 cuncta

283 694 337 723 tuo
363 691 490 728 creasti,

283 747 409 778 semper
433 739 549 778 ubique
579 776 584 782 ¹

283 787 436 818 miserens
459 787 569 827 nostri,

283 833 396 874 Kyrie,
423 833 550 866 eleison.

851 492 879 523 1.

910 547 939 580 b.
966 547 1070 588 Alme,
1097 551 1130 578 tu
1155 547 1254 587 prolis

968 600 1040 625 tuae
1066 598 1231 634 memento,

967 651 1071 681 quam,
1098 650 1216 673 summe
1240 646 1341 684 pater,

969 689 1058 722 uobis
1082 698 1140 729 pro
1166 691 1286 722 cunctis

967 737 1041 769 olim
1068 737 1191 775 misisti,

968 789 998 816 et
1024 793 1149 824 semper
1174 785 1285 824 nostri,

965 833 1077 872 Kyrie,
1105 831 1231 865 eleison.

611 918 638 941 c.
664 908 754 940 Assis
781 909 953 939 clementer

228 1335 259 1359 a.
286 1325 403 1356 Nostra
429 1329 462 1356 tu
489 1325 609 1363 pellens

289 1372 430 1410 erimina,
457 1381 555 1411 agnus

285 1423 320 1450 tu
345 1420 405 1451 Dei
432 1426 534 1457 verus,

285 1470 397 1498 cuncta
420 1467 601 1504 clementer,

287 1514 421 1554 Christe,
449 1514 574 1546 eleison.

611 1598 639 1622 C.

222 1921 260 1947 ,3.
287 1910 380 1942 Nunc
406 1915 437 1942 et
461 1915 506 1949 iu,
529 1912 631 1951 patris

286 1958 436 1997 verbique
461 1958 564 2001 flatus,

284 2015 365 2037 unus
389 2005 537 2045 idemque

284 2052 370 2084 Deus
395 2053 575 2091 immensus,

284 2101 388 2132 onmia
413 2101 559 2142 implens,

287 2152 398 2179 cuncta
425 2149 595 2188 disponens

283 2196 396 2236 Kyrie‚
424 2195 551 2229 eleison.

234 2271 262 2295 e.
288 2261 361 2295 Tibi
388 2262 466 2302 laus,
494 2261 603 2301 honor,

286 2309 381 2341 decus
407 2314 439 2340 et
463 2318 554 2342 omne

230 2385 259 2411 e.
286 2376 381 2409 Cuius
407 2384 440 2407 es
465 2375 565 2407 almus

285 2424 417 2464 spiritus
442 2432 528 2464 vere,

668 955 778 987 crebro
804 955 944 994 poscitus

668 1003 728 1040 his,
757 1002 809 1042 qui
835 1007 865 1033 te
891 1008 1035 1041 poscunt,

669 1054 754 1080 tunm
779 1058 839 1088 per
866 1050 1037 1086 Christum,

669 1102 698 1127 et
724 1098 903 1128 miserendo

668 1153 793 1183 semper
818 1149 851 1175 tu
878 1145 988 1181 nostri,

667 1192 778 1233 Kyme,
805 1191 932 1223 eleison.

850 1269 881 1300 2.

910 1323 940 1356 b.
968 1323 1061 1357 Ultra
1088 1324 1199 1356 subisti

966 1381 1076 1402 munus
1103 1372 1155 1411 qui
1184 1372 1297 1411 dirum,

967 1419 1172 1458 propitiando

965 1465 1055 1497 nobis
1082 1466 1264 1506 clementer,

968 1513 1103 1552 Christe,
1132 1514 1260 1548 eleison.

666 1590 778 1628 Aequa
804 1589 928 1621 librasti

667 1638 758 1668 lance
782 1636 898 1677 piacla,

666 1685 793 1724 gravior
818 1685 881 1716 illis

668 1731 770 1762 factus
797 1732 977 1771 clementer,

669 1778 804 1820 Christe,
832 1779 958 1813 eleison,

851 1857 870 1887 3

907 1912 939 1945 b.
966 1914 1056 1952 Auge
1081 1913 1131 1944 his
1155 1912 1251 1946 fidem

966 1969 1116 2000 spemque
1142 1960 1266 1992 beatam

967 2007 1013 2039 tui
1038 2017 1176 2040 amorem

966 2064 1003 2087 ac
1029 2064 1154 2096 semper
1178 2056 1292 2095 iugem,

965 2103 1069 2135 omnia
1093 2103 1184 2134 nobis

965 2150 1044 2182 bene
1071 2151 1242 2190 disponens

965 2198 1078 2237 Kyrie,
1105 2198 1233 2231 eleison.

910 2264 940 2296 d.
966 2264 1043 2296 Cum
1069 2267 1161 2304 patre
1185 2266 1280 2303 atque

970 2311 1064 2343 beata
1088 2311 1192 2353 prole,

918 2376 941 2410 f.
968 2377 1029 2417 Qui
1053 2386 1180 2417 semper
1203 2377 1306 2409 trinus

967 2434 1048 2457 unus
1072 2425 1221 2465 idemque
