1650 2659
616 118 873 154 —149—

731 217 762 249 3.

296 285 325 309 a.
353 276 397 309 Ut
422 285 478 308 nos
504 276 659 315 mederes‚
686 277 772 317 ligno
797 281 852 308 tua
877 277 1018 309 membra
1044 276 1165 315 fudisti,

292 323 324 358 b.
351 323 400 354 Ac
425 323 458 355 in
483 328 640 364 perpetuo
666 333 833 356 coronares
859 329 991 356 stemate
1017 333 1131 365 regn03

526 380 552 403 c.
579 371 682 412 Kyrie
706 371 834 405 eleison.

167 437 254 472 Trop.
281 445 334 463 ms.
356 435 592 464 Emmeramense
621 437 690 463 anni
713 435 872 465 1024-36.
913 436 985 463 Clm.
1006 438 1157 464 Monacen.
1181 434 1285 463 14:322.
1308 437 1340 463 A.
1364 450 1399 453 —

90 476 179 512 Trop.
200 483 243 501 ms
266 473 519 502 Heidenhemense
541 483 615 502 saec.
640 473 683 500 11.
716 474 786 502 Cod.
802 476 941 502 Oxonien.
958 472 1035 501 Seld.
1057 483 1119 509 sup.
1141 472 1185 500 27.
1202 474 1235 501 B.
1259 488 1295 492 —
1309 475 1397 508 Trop.

92 523 144 541 ms.
159 512 374 541 Cremifanense
395 521 471 540 saec.
495 511 538 539 12.
554 514 592 539 in.
622 513 695 539 eod.
711 513 895 540 Cremifanen
916 511 981 539 309.
997 514 1027 540 C.
1044 526 1079 531 —
1096 511 1133 538 lc
1149 512 1298 539 benedicte
1315 515 1347 539 C.
1363 527 1399 530 —

91 550 139 579 2a
166 559 256 579 ovans
283 551 392 578 cuimet
412 551 449 585 C;
479 550 604 577 laudem'
623 551 646 577 B
667 552 705 583 (ἐς
734 550 856 578 resultat
875 552 900 578 A
921 550 952 578 C.
974 566 1010 569 —
1031 549 1070 577 20
1090 550 1226 585 dignatus
1248 550 1327 585 lig-no
1349 555 1398 576 tua

92 590 220 618 membra
246 588 353 615 dedisti
378 587 470 618 (fuisti
492 589 526 620 C)
546 590 569 615 B
590 591 622 624 C,
644 589 674 615 in
695 590 717 616 C
738 597 796 616 von
817 590 934 616 zweiter
954 589 1051 615 Hand.
1073 603 1109 606 —
1130 586 1172 615 3³
1193 587 1232 616 Et
1252 592 1399 615 aeternam

93 632 126 656 ut
145 636 198 655 nos
218 626 346 654 mederet
366 626 446 662 ligno
468 631 518 653 tua
539 628 668 654 membra
690 626 791 653 fudisti
813 627 846 654 Α,
868 627 1009 653 Aeternae
1033 630 1065 654 ut
1085 630 1198 653 nosmet
1215 625 1284 654 dare
1299 627 1399 653 mortis

90 667 174 694 fauce
201 665 307 692 resolvi
330 664 368 698 C;
397 666 426 691 in
448 666 471 692 B
492 665 672 696 ausradiert,
693 673 748 691 nur
768 664 843 691 noch
864 665 974 691 lesbar:
1005 665 1043 691 Et
1065 684 1071 691 .
1094 685 1099 691 .
1122 684 1128 689 .
1151 686 1156 690 .
1178 665 1229 692 bra
1251 665 1340 692 fuisti.
1363 678 1398 681 —

90 702 136 732 3b
157 701 237 731 Haec
258 704 289 735 C,
311 703 397 730 Hanc
417 703 456 736 B;
486 706 655 737 perpetuum
678 703 701 729 Α
724 703 761 735 Β;
783 711 923 730 coronare
938 703 975 735 (ἒς
997 703 1119 730 ‹lematis
1135 703 1169 736 Α,
1189 703 1302 729 demate
1316 704 1349 729 B.
1367 716 1402 720 —

92 743 153 770 Das
174 741 284 776 Kyrie
303 740 476 773 (Christe)
497 741 641 768 eleison
662 740 739 767 steht
759 748 812 766 vor
831 742 873 768 (in
889 742 910 768 C
928 740 1034 770 himer)
1050 741 1144 775 jedem
1163 742 1347 768 Hexameter.
1364 754 1400 757 —

93 781 148 808 Die
169 779 346 807 Hexameter
367 778 462 806 haben
484 779 540 805 fast
564 781 665 806 immet
685 779 882 806 Binnenreim.

546 891 591 922 87.
633 889 729 928 Kyrie
753 889 806 926 „El
830 889 941 920 enom.

734 962 764 993 1.

291 1023 342 1059 ΕΙ,
371 1022 465 1062 elion,
491 1026 584 1061 pater
609 1022 818 1061 omnipotenS,
846 1022 903 1054 eie.
932 1020 1027 1055 Deus,
1055 1016 1080 1051 ο(
1109 1018 1166 1062 ὢν,

293 1071 474 1109 Regnorum
500 1073 615 1108 rector,
645 1073 827 1100 cunctorum
854 1077 973 1099 summe
1000 1072 1135 1105 creator,

292 1117 489 1157 Principium
516 1116 650 1156 finisque
676 1117 780 1154 simul,
807 1116 860 1155 qui
886 1120 999 1147 cuncta
1025 1116 1151 1153 creasti,

509 1165 612 1204 Kyrie
638 1163 764 1196 eleison.

734 1232 752 1251 ·”)

734 1253 765 1264 —1-

233 1032 264 1150 5³57?

290 1293 392 1326 Filius
419 1302 457 1324 ex
483 1296 584 1333 patre,
613 1295 705 1324 natus
732 1292 771 1322 de
798 1290 919 1331 virgine
944 1295 1055 1327 matre,

290 1341 413 1380 Simpla
435 1343 537 1372 morte
562 1345 617 1371 tua
642 1340 773 1370 vincens
798 1339 898 1370 nostri
923 1338 1007 1369 mala
1035 1337 1143 1376 dupla,

291 1389 360 1421 Rex
387 1397 461 1419 vere
488 1386 591 1429 fortis,
619 1387 672 1427 qui
699 1387 796 1418 solvis
823 1386 950 1417 vincula
974 1386 1095 1423 mortis.

510 1435 635 1467 Christe
659 1434 785 1466 eleison.

731 1501 763 1532 3.

290 1563 454 1597 Ambobus
480 1563 617 1602 iunctus,
644 1571 789 1602 pneuma,
817 1561 926 1601 racha,
953 1560 1084 1599 spiritus
1111 1559 1223 1600 almus,

289 1612 412 1644 Donum
440 1611 602 1651 regnantis
628 1609 748 1641 clarum
773 1613 807 1639 tu
833 1607 1096 1646 summitonantis‚

291 1660 437 1692 Chrisma
459 1663 547 1691 tuum
573 1659 664 1689 mitte
690 1665 812 1688 necnon
837 1658 969 1696 peccata
994 1655 1131 1693 remitte,

337 1707 457 1739 Terrea
483 1705 661 1745 confutans,
690 1705 809 1736 caelica
834 1713 906 1735 mox
933 1711 1088 1739 reserans,

337 1754 390 1786 Sic
415 1764 472 1786 nos
497 1754 529 1785 in
555 1753 650 1785 finem
676 1753 888 1792 perducturus
914 1750 1098 1787 Ierusalem,

509 1802 627 1834 eleison
649 1809 753 1841 ymas.

231 1303 264 1422 5³9⁸?

230 1574 263 1692 955?

165 1869 252 1905 Trop.
282 1878 334 1899 ms,
360 1868 597 1896 Emmeramense
629 1875 704 1893 saec.
737 1864 809 1893 ¹¹l12.
854 1864 927 1891 Clm.
962 1862 1113 1890 Monacen.
1146 1859 1259 1902 140833
1279 1875 1315 1878 —
1344 1862 1403 1887 Das

89 1908 204 1942 Kyrie
233 1906 402 1941 (Christe)
431 1907 572 1934 eleison
602 1905 675 1941 folgt
701 1904 798 1939 jedem
826 1903 1018 1935 Hexameter;
1049 1900 1104 1933 30,
1140 1899 1153 1927 1
1188 1899 1319 1927 schllesst
1352 1899 1404 1925 mit

89 1946 189 1981 Kyrie,
210 1944 260 1978 30,
281 1945 299 1974 2
322 1946 376 1973 mit
396 1947 481 1973 einen
500 1943 745 1971 neumenreichen
767 1949 784 1970 e
803 1940 1021 1971 (Schlursvokal
1041 1940 1092 1967 des
1113 1939 1216 1973 Kyrie)
1235 1937 1294 1964 und
1315 1936 1364 1969 30,
1386 1934 1404 1962 2

90 1985 144 2011 mit
172 1983 284 2018 „leison
308 1981 421 2020 ymas“.
460 1982 611 2011 Demnach
640 1990 713 2017 sang
740 1981 791 2008 der
821 1981 885 2006 eine
907 1978 971 2006 Teil
999 1978 1049 2005 des
1071 1977 1180 2004 Chores
1201 1977 1253 2004 das
1274 1976 1404 2011 Kyrie,

89 2022 226 2051 wahl-end
253 2023 304 2050 der
331 2022 437 2050 andere
464 2022 521 2049 den
546 2021 725 2056 Tropentext
758 2027 822 2046 zum
848 2019 976 2052 Vortrag
1003 2016 1130 2044 brachte.
1156 2029 1193 2034 -
1221 2012 1260 2042 lb
1282 2014 1342 2041 und
1366 2013 1403 2040 lc

89 2061 155 2088 sind
180 2061 324 2089 identisch
352 2062 405 2088 mit
432 2059 472 2088 la
500 2059 559 2087 und
588 2058 630 2086 lb
659 2058 709 2085 des
736 2055 994 2092 vorhergehenden
1015 2055 1137 2091 Tropus,
1160 2051 1402 2080 wahrscheinlich

87 2099 325 2135 Entlehnungen.

460 2191 506 2223 88.
547 2189 644 2229 Kyrie
667 2188 831 2226 „conditor
851 2188 883 2218 et
904 2188 1034 2219 rector-⁴⁴.

735 2250 764 2282 1.

234 2319 263 2345 a.
292 2309 448 2343 Conditor
473 2313 506 2342 et
530 2311 638 2340 rector
662 2306 773 2338 mundi
798 2305 896 2337 totius
923 2307 953 2336 et
979 2307 1098 2344 auctor,

231 2357 263 2393 b.
288 2358 350 2399 Qui
375 2358 459 2399 regis
484 2360 624 2395 aeterno,
651 2363 719 2392 rex,
747 2352 953 2386 subsistentia
978 2356 1065 2393 nutu,

237 2415 263 2440 c.
289 2406 423 2446 Semper
447 2406 488 2438 ab
513 2402 668 2445 angelicis
692 2402 841 2434 laudatus
865 2401 899 2433 in
924 2400 1053 2433 aethere
1079 2399 1203 2432 turmis.
