1650 2659
745 128 1003 164 —274—

253 227 285 260 3.
311 226 386 260 Alle
411 230 503 260 sonat
528 227 593 259 luia
619 227 704 258 vicos
731 230 761 258 et
788 230 894 259 castra
918 236 977 269 per
1001 227 1120 269 orbem,

361 274 508 308 Surrexit
531 275 696 318 Dominus,
724 275 844 314 pascha
869 275 995 308 celebre
1019 276 1116 319 nitet;

405 322 595 356 Adoramus
620 326 660 357 te.

254 396 288 427 4.
312 397 479 437 Personet‚
506 404 594 435 euge,
622 396 689 427 Deo
716 395 860 435 regnanti
885 396 988 436 gloria
1013 395 1108 435 patri,

362 443 527 475 Glorificat
554 453 679 483 semper
705 452 796 483 quem
822 443 937 475 chorus
963 444 1142 484 angelicu53

408 490 639 530 Glorificamus
665 495 704 525 te.

257 565 289 596 5.
316 563 431 595 Grates
457 564 624 595 immensas
651 563 759 595 reddit
784 564 851 595 sine
877 562 940 594 fine
966 566 1095 595 caterva

363 610 455 642 Felix
482 611 659 649 spirituum,
687 620 743 642 nos
770 619 902 651 quoque.
931 610 1035 650 pulvis
1061 611 1185 652 humus,

409 657 544 690 Gratias
570 659 697 699 aqimus
723 658 779 690 tibi
799 660 934 698 propter
958 667 1114 697 masmam
1138 658 1275 699 yloriam
1301 662 1401 692 tuam.

257 731 288 763 6.
316 730 493 769 Ingenitum
518 739 643 764 numen,
673 731 711 761 de
737 731 823 761 nullo
850 730 966 762 lumine
992 731 1110 770 lumen,

364 777 407 807 Et
432 777 555 817 genitor
581 779 646 808 veri
673 778 799 809 luminis
825 782 919 817 atque
945 778 1015 816 Dei,

409 825 551 857 Domine
576 827 676 867 Deus,
703 835 758 857 rex
783 825 936 867 caelestis,
965 826 1054 858 Deus
1074 827 1172 866 pater
1196 825 1408 866 omnipotens.

260 897 290 929 7.
318 897 422 929 Patris
448 906 561 937 sermo,
589 906 708 936 manusq
737 898 866 936 candor,
894 897 1060 937 sapientia,
1088 897 1198 938 virtus,

365 944 441 975 Cum
469 948 559 983 patre
586 948 697 975 cuncta
723 948 843 979 tenens,
873 954 942 976 cum
969 950 1060 983 patre
1087 949 1199 977 cuncta
1223 953 1344 985 regens,

411 991 552 1023 Domine
578 991 623 1031 fili
650 992 812 1031 uniyenite
841 1010 882 1014 —
908 993 1034 1032 suscipe
1061 992 1315 1032 deprecationem
1340 994 1495 1024 nostram.

260 1063 291 1095 8.
318 1062 382 1094 Pro
407 1062 497 1093 nobis
524 1072 645 1101 passuS,
672 1073 730 1102 pro
756 1063 846 1094 nobis
874 1064 975 1096 hostia
1001 1063 1114 1105 factus,

366 1108 484 1140 Nostra
509 1119 582 1148 spes
607 1112 718 1150 omnis,
745 1111 799 1142 lux
825 1111 886 1147 via,
912 1112 988 1147 vita,
1015 1113 1112 1150 salus,

412 1156 473 1196 Qui
497 1157 584 1189 sedes
609 1157 654 1188 ad
678 1158 839 1189 dexteram
858 1160 968 1197 patris
993 1160 1143 1191 miserere
1167 1159 1270 1192 vobis.

261 1229 292 1259 9.
320 1228 479 1258 Victorem
506 1228 665 1259 Christum
691 1229 863 1268 gaudentes
889 1230 1026 1271 pangite,
1054 1230 1182 1270 fratres,

367 1274 461 1316 Ecce⁷
489 1276 675 1315 resurgendi
701 1285 787 1316 spem
815 1277 902 1308 dedit
929 1279 997 1316 ipse
1023 1279 1106 1315 suis;

413 1323 575 1362 Quoniam
602 1326 635 1354 tu.
660 1323 746 1355 solus
771 1327 911 1362 sanctus,

241 1393 293 1425 10.
322 1393 380 1425 Cui
406 1393 496 1431 plebs
522 1396 589 1425 tota
615 1394 706 1425 simul
734 1394 879 1426 decantet
908 1396 1010 1427 dulcia
1039 1395 1146 1429 verba.

367 1439 410 1471 Et
436 1441 555 1471 sonitus
582 1447 705 1472 resonet
733 1442 833 1473 dulcis
859 1443 973 1482 ubique
1001 1443 1078 1484 Deo,

408 1487 459 1518 Tu
484 1487 570 1519 solus
595 1488 760 1520 Dominus
788 1508 829 1512 —
856 1489 931 1521 Iesu
959 1491 1095 1525 Christe.

241 1558 295 1590 11.
323 1557 432 1589 Gloria
458 1567 569 1597 magna
594 1560 673 1591 Deo.
701 1561 773 1599 quia
799 1561 888 1592 nobis
916 1561 1033 1601 pascha
1060 1560 1195 1601 refulget

366 1605 430 1637 Per
456 1610 497 1647 te,
523 1607 658 1643 Christe,
686 1607 772 1638 Deus
798 1610 849 1647 qui
876 1618 972 1648 super
995 1613 1081 1641 astra
1107 1610 1204 1640 micas

416 1654 495 1683 (¹qu
523 1658 633 1686 sancto
659 1655 777 1694 spiritu
804 1656 836 1686 in
863 1656 968 1695 ylaria
994 1657 1058 1687 Dei
1078 1657 1198 1697 patris.

302 1736 389 1772 Trop.
416 1747 466 1763 ins.
489 1739 647 1765 casinense
675 1740 708 1768 (2³)
735 1748 808 1766 saec.
834 1738 876 1767 ll.
898 1750 941 1767 ex.
983 1741 1052 1768 cod.
1074 1742 1207 1768 Vatican.
1231 1741 1334 1768 Urbin.
1355 1738 1419 1768 602.
1439 1742 1473 1768 A.
1495 1755 1531 1757 —

230 1774 312 1801 Miss.
334 1784 386 1800 ms.
401 1776 558 1802 Casineuse
581 1786 653 1803 saec.
678 1776 720 1803 12.
756 1777 824 1804 cod.
840 1778 973 1805 Vaticnn.
995 1777 1078 1806 6082.
1097 1780 1128 1806 Β.
1151 1796 1185 1799 —
1209 1780 1288 1806 Miss.
1304 1789 1356 1806 ms.
1372 1779 1530 1806 Casinense

228 1821 302 1839 saec.
332 1811 375 1838 12.
417 1814 484 1840 eod.
508 1814 601 1840 vatic.
623 1815 719 1841 (Vlttob⁴
749 1814 813 1842 576.
836 1818 864 1844 C.
895 1831 931 1834 -—
957 1817 1002 1849 (In
1024 1818 1047 1844 B
1078 1817 1137 1844 und
1157 1818 1179 1845 C
1200 1827 1254 1844 nur
1275 1818 1326 1844 das
1348 1817 1473 1853 Incipit).
1494 1831 1531 1834 —

227 1852 313 1884 Trop.
337 1860 387 1877 nis.
409 1852 647 1879 Beneventanum
669 1862 744 1879 saec.
768 1852 810 1879 12.
846 1854 913 1881 Cod.
936 1856 1030 1889 Capit.
1049 1856 1246 1883 Beneventan.
1268 1854 1313 1882 25.
1329 1857 1364 1883 D.
1386 1869 1422 1873 —
1443 1856 1531 1889 Trop-

229 1897 279 1914 ηις.
302 1889 537 1916 Beneventanum
560 1899 633 1917 saec.
659 1890 700 1917 1¹2.
724 1891 793 1919 Cod.
829 1893 923 1926 Capit.
938 1894 1135 1920 Beneventan.
1158 1891 1202 1921 26.
1218 1894 1252 1921 Ε.
1274 1908 1311 1912 —-
1335 1893 1358 1925 l,
1381 1891 1398 1920 2
1419 1893 1530 1920 eaelum

227 1926 314 1953 tellus
337 1929 364 1953 et
384 1927 417 1953 E.
439 1927 550 1954 caelum
572 1932 599 1955 et
621 1928 707 1955 tellus
729 1930 763 1956 D.
786 1945 821 1949 —
843 1929 869 1960 2,
898 1929 909 1956 1
932 1931 966 1957 de
988 1930 1059 1957 fehlt
1079 1933 1115 1958 D.
1135 1945 1173 1949 —
1193 1930 1219 1964 2,
1239 1929 1257 1957 2
1278 1931 1426 1958 dexteram
1440 1932 1482 1963 A3
1504 1934 1532 1958 et

227 1966 289 1999 ipse
311 1964 408 1991 sedem
429 1966 451 1991 A
473 1966 509 1992 D.
531 1980 568 1984 —
588 1964 618 1997 3.
643 1965 655 1992 l
680 1971 706 1993 et
728 1971 809 1994 casta
829 1977 879 2003 per
900 1968 934 1995 E.
959 1983 993 1987 -
1013 1967 1040 2000 3,
1061 1967 1079 1995 2
1099 1968 1244 1996 Dominus
1264 1970 1312 1996 vel
1333 1970 1403 2006 quia
1424 1969 1532 2005 pascha

229 2003 302 2028 nitet
323 2002 349 2028 D
369 2002 403 2028 E.
426 2017 460 2020 —
483 2003 508 2031 5,
534 2002 545 2028 l
568 2009 684 2031 caterva
706 2007 819 2040 piorum
841 2008 874 2033 A.
896 2021 933 2024 —
954 2008 1010 2034 Str.
1032 2005 1107 2033 4—8
1127 2007 1195 2033 incl.
1217 2007 1283 2034 siud
1305 2009 1335 2034 in
1354 2008 1379 2033 D
1395 2007 1420 2034 E
1442 2007 1532 2034 durch

227 2039 368 2074 folgende,
391 2042 475 2066 meist
497 2050 550 2067 nur
571 2042 767 2076 rhythmische
789 2044 942 2071 Disticheu
963 2047 1082 2071 ersetzt:

342 2096 368 2123 4.
390 2096 538 2127 Per-sonet.
561 2107 641 2134 euge,
662 2099 726 2126 Deo
752 2102 885 2134 regnanti
905 2101 1001 2136 gloria
1022 2100 1145 2133 Christo,

428 2135 462 2160 In
483 2144 565 2161 eruce
587 2136 735 2164 confessus
756 2147 839 2172 quem
863 2138 936 2165 latro
957 2142 1059 2174 sponte
1079 2138 1150 2168 fuit:
1173 2135 1219 2165 GI.
1241 2139 1261 2165 t.

340 2190 366 2217 5.
388 2191 421 2216 In
447 2199 529 2218 eruce
550 2193 711 2227 configitur.
733 2197 826 2221 totum
847 2196 897 2231 qui
919 2196 1048 2222 continet
1068 2195 1175 2226 orbem.

426 2229 483 2256 Pro
504 2230 722 2259 crucifixoribus
747 2234 842 2266 poscit
862 2236 892 2258 at
911 2233 962 2259 ille
983 2235 1107 2267 patrem;
1129 2229 1183 2259 Gr.
1205 2241 1232 2260 α.
1253 2233 1272 2260 t.

343 2285 368 2313 6.
391 2286 512 2313 Credere
534 2296 617 2321 quem
639 2297 698 2315 non
718 2289 782 2315 vult
801 2290 884 2324 plebs
904 2289 1068 2316 Israelitica
1089 2297 1194 2324 regem,

432 2325 545 2351 Cuncta
564 2329 681 2352 caterva
701 2327 761 2362 poli
783 2327 893 2360 laudat,
915 2327 1024 2359 adorat,
1049 2329 1140 2359 aman
1162 2325 1222 2355 Do.
1241 2324 1283 2355 D.
1302 2335 1329 2357 r.

344 2380 370 2408 7.
392 2381 533 2408 Inferiora
553 2386 653 2417 petens
677 2388 775 2418 portas
796 2385 938 2420 confregit
960 2385 1068 2411 Averni

429 2419 471 2446 Ae
492 2428 638 2455 procerem
661 2424 762 2449 mortis
784 2423 880 2449 vinxit
899 2425 928 2449 et
947 2429 1028 2449 arma
1049 2421 1158 2448 crucis:
1180 2419 1223 2449 D.
1243 2420 1266 2456 f'.
1285 2429 1316 2450 u.
