1650 2659
671 141 931 176 —137—

584 280 628 310 73.
670 280 768 320 Kyrie
789 291 847 314 rex
867 282 1023 316 Abrahae.

551 349 603 376 De
633 359 654 376 s.
684 351 845 380 Iohanne
873 354 1051 388 Baptista.

788 451 818 482 1.

165 527 192 552 a.
219 519 328 560 Kyrie,
844 525 873 558 b.
903 527 1014 567 mne,

219 575 285 607 rex,
313 567 461 599 Abrahae
487 568 527 600 ab
552 579 626 602 arce
905 575 945 605 ad
972 575 1228 614 praeparandum
1257 576 1322 607 vias

219 623 367 654 suprema
393 615 521 648 mittens
903 626 974 653 tuas
1002 625 1031 653 et
1058 623 1099 654 ad

218 662 364 702 angelum
390 666 488 703 tuum,
903 669 1029 708 plebem
1056 669 1242 711 perfectam,

219 709 346 742 eleison.
902 717 1029 748 eleison.

597 825 623 848 e.
652 817 763 857 Kyrbe,
790 818 843 857 qui
868 819 909 850 ad
937 824 1058 858 patrem

646 865 775 896 mittens
803 865 933 897 Gabriel

646 921 792 951 promere
818 914 942 953 seriem,

644 959 772 991 eleison.

790 1065 821 1096 2.

163 1144 191 1167 a.
219 1136 355 1176 Christe,
381 1137 435 1177 qui
461 1138 663 1170 sanctificans
845 1140 874 1172 b.
903 1140 1040 1181 Christe,
1069 1143 1121 1181 qui
1148 1148 1278 1172 matrem
1305 1146 1391 1173 tuam

216 1184 388 1216 Iohannem
415 1185 554 1218 clausum
903 1189 1030 1220 mittens
1057 1190 1098 1220 ad
1126 1193 1258 1220 matrem

215 1231 248 1263 in
273 1236 385 1273 matre,
903 1236 1065 1278 Iohannis,

216 1279 345 1311 eleison.
904 1284 1032 1315 eleison.

535 1393 563 1418 c.
591 1385 727 1425 Christe⁷
755 1396 847 1426 quem
874 1388 1029 1419 Iohannes

593 1439 738 1466 senserat
764 1441 858 1474 atque

594 1482 730 1521 gavisus,

593 1529 722 1560 eleison.

787 1609 818 1641 3.

165 1697 193 1720 a„
220 1688 332 1729 Kyrie‚
360 1689 414 1729 qui
439 1689 619 1731 baptizatus
846 1691 876 1724 b.
905 1692 1015 1734 lime,
1044 1693 1096 1732 qui
1123 1692 1155 1723 in
1183 1692 1347 1724 columbae

220 1744 253 1767 es
278 1745 297 1768 a
322 1745 415 1768 servo
441 1740 495 1769 tuo
905 1741 1012 1779 specie
1039 1748 1198 1780 apparens

222 1783 374 1824 Iohanne,
905 1788 1047 1822 Iohanni.

220 1831 350 1866 eleison.
906 1835 1034 1868 eleison.

547 1936 574 1960 c.
602 1928 713 1967 Kyrie‚
740 1929 793 1968 qui
819 1934 940 1969 septem
967 1931 1071 1962 caelos

603 1983 762 2015 reserans,
789 1986 850 2008 vox
876 1978 978 2017 patris

602 2023 722 2065 audita,

602 2069 669 2102 Fac
694 2080 752 2102 nos
775 2075 807 2102 te
832 2081 958 2112 semper
983 2074 1098 2114 colere⁷

603 2118 688 2149 trine
712 2122 744 2150 et
768 2128 839 2160 une,
868 2129 958 2159 quem

602 2165 759 2197 Iohannes

603 2213 800 2246 Ostendebat
825 2214 949 2255 indice;

603 2261 732 2293 eleison.

219 2357 308 2387 Grad.
336 2360 366 2385 et
391 2357 478 2393 Trop.
505 2366 558 2384 ms.
586 2356 861 2384 Fontisebraldense
890 2365 964 2385 saec.
993 2357 1036 2385 14.
1062 2359 1102 2386 in.
1143 2357 1212 2385 Cod.
1238 2359 1420 2384 Lemovieen.
1439 2355 1456 2383 2

141 2395 208 2431 (17).
235 2412 272 2416 -
301 2395 356 2427 la,
385 2394 403 2423 2
430 2404 467 2423 ex
493 2395 639 2423 Abrahae.
661 2409 698 2413 —
718 2392 773 2428 3a,
801 2393 819 2422 2
845 2403 876 2422 es
904 2395 984 2423 fehlt.
1006 2412 1043 2415 —
1063 2395 1120 2433 30,
1149 2394 1162 2422 l
1185 2396 1283 2423 caelis.
1306 2410 1340 2414 -
1363 2394 1416 2425 30,
1439 2394 1455 2421 7

142 2435 294 2463 Ostendat.
