1650 2659
790 175 1048 209 -164—

902 273 934 304 2.

284 348 312 371 a.
340 339 475 377 Christe,
962 338 993 371 b.
1020 339 1156 382 Christe,

338 388 460 418 miseris
486 387 525 418 ob
551 391 623 418 tuae
645 395 756 426 preces
1020 387 1203 427 angelorum
1230 387 1356 419 domina

339 436 449 466 matris
473 435 542 474 pias
568 434 680 466 beatae
1022 437 1054 466 te
1079 439 1209 474 rogante
1233 435 1345 467 inclita

338 482 466 514 eleison.
1023 481 1150 515 eleison.

737 565 764 589 c.
791 556 916 588 Christe
942 557 1070 591 eleison,

287 711 314 732 a.
342 701 453 743 Kyme,
480 699 530 731 fac
554 709 611 731 nos
636 698 762 731 inferna
970 708 997 732 e.
1025 699 1126 740 Kyrie
1151 708 1226 740 ergo
1252 700 1394 741 dignare,

343 749 453 786 vitare,
481 748 536 778 sed
563 747 603 778 ad
629 750 759 778 aeterna
1025 751 1058 778 tu
1083 747 1148 787 pia,
1175 756 1234 787 pro
1260 747 1350 779 nobis
1375 756 1477 788 orare,

341 795 434 826 detur
458 795 621 834 transitus,
1024 803 1116 833 quem
1131 795 1274 826 mernisti
1288 803 1421 835 corpore
1437 799 1572 835 gestare,

341 842 469 874 eleison.
1024 850 1129 881 regem
1154 842 1282 883 gloriae,

1022 890 1143 928 gratiae
1169 889 1323 928 datorem,

1021 937 1260 968 misericordiae

282 984 311 1015 b.
340 985 450 1024 Kyrie,
1021 987 1154 1025 patrem,
1183 984 1320 1015 omnium
1347 982 1508 1026 factorem,

341 1032 522 1071 angelorum
547 1031 674 1062 domina
1022 1032 1152 1070 praevia
1177 1031 1365 1072 humilitate,

341 1083 371 1110 te
397 1083 526 1118 rogante
552 1079 662 1110 inclita
1021 1088 1112 1117 quam
1142 1079 1283 1118 respexit
1308 1079 1348 1110 El
1374 1079 1407 1110 in
1432 1082 1472 1120 te,

342 1126 469 1160 eleison.
1020 1127 1136 1157 ancilla
1161 1136 1228 1165 sua,

1018 1174 1170 1206 virtutum
1196 1173 1323 1213 gerula;

1019 1220 1147 1255 eleison.

346 1296 479 1322 cantion.
501 1303 553 1321 ms.
568 1294 797 1329 Vissegradense
812 1303 886 1320 saec.
904 1293 946 1320 15.
963 1303 1005 1320 ex.
1049 1296 1119 1323 Cod.
1134 1295 1338 1331 vissegraden.
1353 1295 1380 1321 V
1395 1295 1433 1322 Cc
1448 1304 1472 1328 η.
1488 1295 1521 1321 A.
1535 1308 1571 1312 -—

270 1334 404 1360 Cantion.
436 1342 487 1359 ms.
519 1333 663 1367 Pragense
693 1332 869 1364 (Wenceslai
900 1332 935 1358 de
960 1332 1138 1368 Wyskytua)
1170 1335 1240 1360 anni
1273 1331 1353 1360 1512.
1399 1333 1469 1359 Cod.
1493 1332 1568 1358 Mus.

270 1371 388 1398 Bohern.
410 1371 481 1397 XIII
503 1371 526 1397 A
548 1370 574 1396 2.
597 1371 626 1397 B.
650 1385 684 1389 —
707 1368 756 1401 23,
778 1368 796 1396 2
816 1371 933 1396 Miseris
954 1371 1052 1398 obtine
1074 1380 1173 1406 preces
1190 1372 1224 1398 A.
1239 1386 1275 1389 -—
1296 1368 1344 1403 3c,
1367 1371 1379 1398 1
1398 1371 1488 1406 Kyrie
1509 1370 1572 1397 hier

272 1409 315 1435 als
338 1410 510 1435 Akkusativ.
534 1423 568 1426 —
590 1406 638 1437 3c,
664 1406 697 1434 10
717 1408 862 1434 Ancillam
884 1416 965 1434 suam
986 1409 1018 1435 B.

639 1529 700 1560 105.
742 1528 838 1568 Kyrie
862 1528 1213 1568 „omnipotentissima

906 1601 936 1632 1.

288 1675 316 1696 a,
345 1664 666 1705 Omnipotentissime‚
963 1665 994 1697 b.
1022 1665 1176 1698 Nesciens
1201 1667 1392 1707 principium

340 1712 478 1751 Adonai,
1022 1723 1122 1754 neque
1147 1713 1251 1754 finem,

341 1759 427 1791 Deus
448 1768 570 1799 magne,
598 1765 725 1792 aeterne
1022 1762 1159 1793 omnium
1185 1762 1376 1802 principium

342 1812 373 1837 et
397 1807 559 1844 immense,
1022 1813 1116 1849 atque
1140 1807 1224 1846 finis,

341 1854 443 1894 Kyrie
468 1854 593 1888 eleison.
1022 1856 1124 1897 Kyrie
1149 1857 1278 1889 eleison.

669 1939 695 1963 c.
721 1933 750 1962 A
775 1935 807 1961 te
832 1939 924 1962 omne
949 1940 1017 1962 esse
1043 1937 1108 1974 est3

723 1978 877 2018 quidquid
902 1979 984 2010 enim

725 2029 783 2067 est,
809 2035 828 2057 a
852 2030 883 2057 te
908 2030 966 2065 est,
993 2035 1032 2058 ex
1058 2037 1119 2067 qno
1144 2031 1178 2059 tu

727 2082 760 2104 es
785 2083 939 2105 summum
965 2081 1044 2116 ens3

725 2121 828 2161 Kyrie
853 2121 980 2153 eleison.

908 2208 940 2238 2.

289 2269 318 2293 a.
345 2259 482 2300 Christe,
966 2263 998 2296 b.
1026 2263 1162 2304 Christe,

346 2306 433 2339 Deus
453 2316 536 2345 vere,
565 2311 698 2349 creator,
1027 2311 1140 2342 summi
1165 2312 1266 2350 patris
1292 2312 1408 2355 genite,

345 2355 487 2386 salvator
511 2359 542 2386 et
567 2355 752 2395 redemptor
1025 2362 1099 2389 ante
1124 2359 1252 2390 saecula
1278 2363 1361 2398 nate,

344 2402 446 2434 omnis
471 2405 649 2445 creaturae,
1026 2405 1087 2437 sibi
1113 2409 1294 2444 coaeterne,

345 2449 477 2484 eleison.
1027 2452 1157 2485 eleison.
