1650 2659
784 144 1040 179 —212—

332 239 419 268 Grad.
445 249 497 266 ms.
525 239 736 267 Herefordense
763 249 836 267 saec.
867 239 909 267 14.

958 239 1027 267 Cod.
1054 240 1216 268 Londinen.
1242 241 1326 268 Harl.
1352 239 1435 272 3965.
1463 242 1496 270 A.
1524 258 1559 264 —

256 279 339 306 Miss.
361 287 412 304 ms.
432 278 644 306 Herefordense
665 287 740 304 saec.
763 277 806 305 14.
829 287 870 305 ex.
915 278 986 305 Cod.
1007 278 1081 305 Coll.
1104 280 1190 308 Univ.
1208 279 1350 306 Oxonien.
1372 278 1408 308 78
1428 290 1454 309 a.
1471 281 1504 308 B.
1525 296 1559 302 —

257 317 339 344 Miss.
361 317 573 344 Herefordense
602 318 669 351 imp.
690 317 845 352 Rotomagi
873 314 955 344 1502.
978 316 1009 343 C.
1030 333 1066 336 —
1087 316 1143 350 2a,
1168 316 1187 344 4
1207 317 1265 351 Qui
1286 320 1450 353 pneumatis
1472 319 1503 347 C.
1525 334 1556 338 ——

257 353 309 388 2b,
334 354 346 382 l
370 356 453 389 panis
475 356 570 389 speeie
592 357 614 382 A
637 355 659 380 Β
679 356 716 383 C:
738 364 828 390 geg-en
849 355 904 382 den
925 355 1022 388 Reim;
1044 357 1095 391 qui
1115 356 1212 392 specie
1227 356 1258 383 C.
1281 370 1316 374 —
1337 354 1388 389 2b,
1410 356 1427 384 5
1449 365 1560 385 sacrum

256 393 327 420 fehlt
369 394 391 419 B
425 394 456 420 c.
491 407 526 411 -
561 392 612 425 ⁴20,
649 390 666 418 2

705 392 799 419 Favus
839 392 971 420 melliens
1005 393 1036 420 C.
1070 408 1106 412 —
1140 393 1283 422 Melodie:

1324 395 1456 430 Kyrie
1489 405 1559 424 rex

255 431 463 465 splendens.
485 445 520 448 —
543 425 737 458 Uberschrift:
763 431 813 465 „In
834 432 962 467 Corpore
984 431 1092 458 Christi
1115 436 1144 459 et
1164 431 1283 459 octava“
1307 434 1340 459 A.

719 532 780 562 159.
802 532 899 571 kyrie
921 540 977 562 rex
999 533 1094 563 salus.

711 588 762 614 De
790 592 914 615 saneto
942 589 1103 615 Nicolao.

894 656 923 688 1.

269 726 297 748 a.
328 717 428 755 Kyrie
456 726 510 747 rex
536 717 620 747 salus
646 717 765 757 mundi,

323 770 391 795 tuos
419 764 609 803 salvificans,

321 811 372 851 qui
400 811 564 842 Nicolaum

322 859 462 897 salx-asti,

320 906 449 937 eleison.

950 716 978 750 b.
1007 717 1118 757 Kyrie,
1145 717 1198 758 qui
1224 718 1349 750 Nicolai

1003 769 1111 796 sancta
1136 773 1231 805 prece
1256 766 1359 798 tribus

1005 813 1101 843 vitam
1127 813 1292 851 inspirasti

1002 860 1135 901 clericis,

1002 908 1130 940 eleison.

685 990 710 1012 c.
740 983 850 1021 Kyrie,
878 984 929 1023 qui
956 984 1122 1016 Nicolaum

739 1030 812 1060 navi
839 1030 1038 1070 naufraganti

739 1076 851 1108 fortem
879 1078 1054 1109 adiutorem

735 1125 859 1162 misisti,

735 1172 864 1204 eleison.

880 1251 910 1281 2.

264 1316 293 1338 a.
321 1306 457 1346 Christe⁷
484 1308 537 1346 qui
563 1309 656 1339 trium

317 1355 400 1385 trina
426 1355 494 1385 vice
520 1356 674 1395 virginum

316 1410 375 1440 per
401 1401 564 1433 Nicolaum

314 1454 343 1480 et
371 1457 477 1479 earum

313 1496 413 1536 patris
439 1495 602 1528 infamiam

312 1552 388 1575 auro
414 1545 557 1576 exemisti

311 1591 445 1630 occulto,

308 1638 437 1670 eleison.

942 1309 971 1341 b.
999 1311 1135 1350 Christe,
1162 1312 1215 1352 qui
1241 1313 1325 1351 patri

996 1368 1050 1389 vas
1077 1359 1274 1390 submersum
1299 1360 1455 1392 maerenti

996 1415 1058 1437 una
1083 1416 1153 1438 cum
1179 1413 1254 1438 nato

996 1454 1091 1484 maris
1118 1452 1188 1491 (ab)
1213 1455 1276 1485 imo

993 1501 1112 1532 salvum
1141 1502 1316 1542 contulisti,

993 1549 1055 1579 tuis
1082 1548 1289 1580 famulantum

992 1596 1140 1628 laudibus

991 1643 1120 1677 eleison.

662 1725 687 1747 c.
715 1717 848 1757 Christe,
871 1718 923 1759 qui
949 1720 1019 1750 neci

712 1768 776 1796 tres
802 1766 947 1797 addictos
973 1767 1068 1798 saluti

711 1821 769 1851 per
795 1813 958 1845 Nicolaum

710 1860 824 1902 salvos,
851 1870 955 1902 sanos,

711 1907 827 1945 liberos
854 1909 989 1950 donasti,

711 1954 780 1995 lege
806 1957 1031 1988 condemnatos

710 2002 856 2041 humana,

712 2050 841 2085 eleison.

868 2130 900 2162 3.

251 2193 280 2216 a.
307 2184 420 2224 Kyme,
447 2185 499 2224 qui
525 2192 589 2217 tam
615 2195 809 2231 perversum,

302 2236 335 2263 ut
362 2231 513 2264 Iudaeum
540 2243 602 2265 non
629 2243 825 2278 conversum,

302 2288 394 2311 sacra
419 2279 538 2312 Christi
563 2280 627 2313 fide

300 2327 367 2359 viso
393 2336 471 2359 auro
496 2330 602 2368 pondo

298 2374 418 2416 beasti,

299 2423 429 2456 cleison.

928 2189 959 2224 b.
986 2192 1098 2232 Kyrie,
1124 2192 1178 2232 qui
1203 2191 1331 2224 Nicolai

983 2242 1086 2271 terras
1110 2239 1171 2271 sibi
1197 2244 1415 2280 repugnantes

982 2295 1062 2326 pace
1086 2287 1144 2318 sub
1169 2289 1320 2321 concordi

983 2334 1102 2366 chartis
1127 2336 1358 2368 commendatis

981 2382 1150 2423 strinxisti,

981 2430 1111 2462 eleison.

1578 0 1650 82 Ἢ
