1650 2659
722 152 764 156 -—
814 131 882 166 397
932 151 979 155 -

618 232 688 264 450.
729 233 835 271 Agnus
856 233 1078 273 „Romami-⁴.

193 312 224 345 1.
250 312 366 352 Aqnus
383 311 448 343 Dei
473 330 517 335 —
538 314 672 351 peccata
691 314 818 355 mundi,
878 315 909 346 2.
936 315 1052 356 Agnus
1070 316 1135 347 Dei
1160 335 1206 339 —-
1226 322 1358 356 pec—caea
1378 319 1507 359 mundi,

253 359 440 400 Reparator‚
938 363 1023 394 Vera
1049 363 1144 405 salus,

252 407 344 439 Vitae
371 407 473 448 dator,
937 410 1063 442 Summa
1091 412 1201 450 virtus,

251 454 368 486 Salutis
394 460 514 493 auctor,
936 459 1075 489 Aeterne
1102 459 1198 497 Deus,

298 503 453 535 Miserere
475 502 578 534 nobis.
985 505 1140 538 Miserere
1164 506 1265 541 nobis.

525 570 554 601 3.
583 569 699 610 Aynus
724 569 788 600 Dei
814 588 860 593 —
884 574 1017 609 pei-eata
1045 573 1167 613 meandi,

584 617 716 657 Semper
739 627 880 656 manens,

583 665 663 696 Fine
689 674 811 700 carens,

584 712 669 743 Fons
695 712 892 747 indeficiens,

630 760 731 792 Dona
757 761 848 793 nobis
871 771 993 799 [mecm.

262 834 351 869 Trop.
375 843 426 860 ms.
448 834 595 869 Pragense
618 844 692 862 saec.
716 832 759 861 13.
795 836 864 862 Cod.
887 837 980 868 capit.
996 837 1118 869 Pragen.
1135 838 1206 863 Cim.
1229 835 1254 863 4.
1271 838 1302 863 A.
1325 853 1361 857 —
1382 838 1499 865 l’rosar.

187 872 384 938 ffssssessffiesssi
411 872 569 908 Pragensis
596 875 665 900 anni
697 870 777 900 1360.
826 873 896 901 Cod.
925 874 1019 909 Capit.
1046 874 1166 910 Pragen.
1197 875 1219 901 Ρ
1246 873 1270 901 9.
1300 876 1333 902 B.
1361 891 1390 895 —-
1423 874 1454 907 2,
1482 876 1502 903 3

594 994 657 1024 451.
697 994 803 1033 Agnus
826 993 898 1033 „Qui
919 997 1010 1025 natus
1032 996 1092 1024 es“.

199 1073 227 1105 1.
255 1073 370 1112 Aynus
388 1072 452 1103 Dei
467 1090 510 1094 —
525 1076 659 1113 peccata
685 1075 810 1111 mundi,
884 1075 915 1106 2.
943 1074 1056 1113 Aquas
1074 1074 1138 1105 Dei
1158 1092 1202 1096 —
1216 1078 1349 1113 peccata
1373 1077 1498 1114 mundi,

256 1120 315 1158 Qui
341 1124 434 1152 natus
461 1129 494 1152 es
521 1122 560 1152 de
587 1121 708 1161 virgine
942 1123 999 1160 Qui
1027 1125 1118 1152 natus
1143 1131 1175 1153 es
1201 1123 1317 1154 mundo
1343 1124 1495 1165 salvator,

256 1167 298 1198 Et
324 1168 444 1207 absque
470 1168 555 1199 virili
581 1170 712 1207 semine,
943 1170 1046 1200 Verus
1074 1170 1126 1208 qui
1153 1170 1288 1201 hominis
1314 1176 1447 1209 amator,

301 1215 514 1257 Suspiramus‚
991 1217 1035 1248 Te
1062 1217 1237 1257 laudamus,

301 1263 352 1294 Ad
381 1267 412 1294 te
438 1263 621 1302 clamamus,
648 1273 792 1296 oramus:
990 1264 1223 1303 Glorifiea111uS‚
1250 1274 1412 1304 rogamus:

349 1311 506 1342 Miserere
530 1311 634 1343 nobis.
1037 1311 1192 1343 Miserere
1217 1312 1319 1345 nobis.

469 1379 500 1411 3.
525 1377 640 1417 Aynus
668 1378 731 1408 Dei
759 1397 801 1400 —
823 1381 957 1417 peccatu
986 1378 1109 1413 mnndi,

525 1425 628 1456 Verus
656 1426 752 1467 Deus,
781 1435 872 1456 verus
899 1429 930 1455 ct
956 1425 1059 1464 homo,

523 1473 582 1512 Qui
609 1474 640 1504 in
668 1482 816 1512 supremo
843 1473 934 1504 sedes
962 1474 1086 1513 thr0n0,

573 1521 795 1560 Supplicamus

572 1568 612 1599 Et
639 1569 833 1608 invocamus,
861 1568 1041 1607 pulsamus:

617 1616 716 1646 Dona
741 1616 835 1647 nobis
854 1624 982 1655 pacem.

255 1691 343 1719 Grad.
372 1700 424 1718 ms.
447 1692 673 1718 Franciseanum
699 1698 773 1717 saec.
798 1689 840 1717 14.
881 1690 951 1717 Cod.
974 1691 1096 1726 Pragen.
1118 1691 1158 1717 VI
1180 1691 1202 1718 C
1223 1688 1259 1717 20
1280 1691 1306 1717 b.
1327 1691 1392 1718 add.
1416 1701 1492 1718 saec.

181 1728 224 1757 15.
244 1744 282 1747 —
304 1728 327 1762 1,
349 1729 367 1757 4
388 1738 430 1765 sq.
452 1730 498 1756 Ad
518 1734 546 1756 te
568 1731 748 1764 suspiramus
769 1729 938 1755 clamamus.

561 1839 626 1870 452.
667 1841 769 1879 Agnus
794 1838 867 1875 „Qui
888 1842 1018 1878 propter
1039 1844 1121 1869 nos:

192 1924 222 1955 1.
248 1922 367 1962 Aynus
386 1921 451 1953 Dei
469 1939 515 1943 -—
527 1923 661 1960 peccata
682 1919 807 1952 mundi.
881 1920 911 1951 2.
938 1919 1054 1959 Agmus
1072 1920 1135 1950 Dei
1155 1938 1197 1944 —
1210 1923 1344 1959 peccata
1366 1921 1491 1961 mundi,

248 1970 306 2010 Qui
334 1973 468 2009 propter
494 1977 551 2000 nos
939 1968 997 2006 Qui
1024 1972 1157 2007 propter
1181 1977 1237 2000 nos

250 2018 317 2056 pati
345 2017 485 2057 voluisti,
939 2015 1018 2045 mori
1044 2015 1182 2055 voluisti,

296 2065 448 2097 miserere
472 2063 575 2096 nobis.
985 2062 1134 2094 miserere
1158 2063 1259 2097 nobis.

517 2132 548 2164 3.
575 2129 690 2169 Aynus
715 2128 780 2159 Dei
805 2146 852 2150 —
873 2129 1005 2168 peccata
1031 2130 1158 2172 mundi,

578 2177 637 2216 Qui
664 2181 799 2216 propter
824 2186 880 2207 nos

579 2233 670 2256 orcos
697 2221 894 2263 confregisti,

626 2271 714 2303 dona
740 2271 832 2303 nobis
851 2279 981 2310 pacem.

251 2348 340 2376 Grad.
370 2355 423 2374 ms.
444 2348 656 2382 Mosburgense
684 2346 754 2373 anni
784 2344 867 2373 1360.
907 2345 977 2374 Cod.
998 2347 1088 2374 Univ.
1108 2348 1260 2375 Monacen.
1287 2346 1350 2375 156.
1373 2348 1434 2375 Fol.
1457 2349 1492 2375 A.

175 2402 211 2407 -
233 2387 369 2414 Cantion.
393 2394 446 2413 ms.
467 2385 706 2422 Engelbergense
730 2384 800 2410 anni
824 2381 904 2411 1372.
945 2385 1015 2412 Cod.
1037 2384 1250 2422 Engelbergen.
1271 2384 1336 2414 314.
1357 2387 1390 2414 Β.
1407 2399 1443 2406 -
1468 2385 1492 2420 l,

173 2426 191 2454 3
214 2426 298 2452 nasci
319 2424 445 2452 voluisti
465 2425 498 2452 B.
521 2438 556 2444 —-
577 2421 604 2455 2,
625 2422 643 2450 3
665 2423 726 2458 pati
748 2423 779 2449 Β.
801 2437 839 2441 —-
858 2421 885 2455 3,
906 2419 924 2449 3
944 2426 1044 2458 portas
1065 2424 1235 2461 confregisti
1257 2425 1290 2451 A.
