1650 2659
691 160 945 195 —420—

716 249 790 272 Seite
832 249 834 252 ’
1395 251 1471 274 seito

168 289 281 315 Laudes
303 289 390 316 officii
450 308 692 316 ......
733 287 788 316 277
848 291 940 324 Quem
960 292 1090 318 novitate
1108 289 1192 324 (—ti)
1210 291 1314 317 sideris
1367 307 1375 316 .
1413 288 1470 317 271

167 336 279 363 Laudat
298 337 328 363 in
350 337 472 363 excelsis
498 356 693 363 .....
733 334 789 363 226
848 337 941 370 Quem
960 339 1072 371 patrem
1092 338 1202 364 aeterni
1225 358 1231 363 .
1273 357 1279 363 .
1320 355 1327 362 .
1368 355 1375 363 .
1413 335 1472 365 230

166 383 316 410 Laudibus
338 384 450 411 eximiis
496 403 692 410 .....
733 381 788 410 262
847 385 939 417 Quem
960 385 1053 418 patris
1073 385 1110 411 ad
1131 384 1259 410 dextram
1273 404 1279 410 .
1320 403 1327 410 .
1369 405 1374 410 .
1415 382 1472 412 230

166 431 243 457 Laus
264 432 319 458 tibi
340 440 450 459 summe
475 433 553 459 Deus
591 451 597 457 .
638 451 645 457 .
685 452 692 458 .
733 429 787 457 258
847 432 939 464 Quem
961 430 1048 458 tellus
1069 439 1149 458 mare
1176 450 1374 458 .....
1414 429 1471 460 246

166 479 244 505 Laus
265 482 315 506 tua
335 481 415 506 Deus
451 498 693 506 ......
733 476 788 505 282
848 480 939 512 Quem
959 487 1028 505 vere
1049 480 1097 514 pia
1118 477 1182 505 laus
1226 500 1232 505 .
1274 500 1280 505 .
1321 497 1328 504 .
1369 498 1375 505 .
1415 477 1472 506 248

847 527 902 560 Qui
924 526 1054 553 barathri
1076 526 1175 553 fractis
1226 547 1232 552 .
1274 547 1280 552 .
1321 544 1328 551 .
1416 524 1472 554 246

166 552 266 582 Natus
289 559 332 582 est
352 555 481 582 salvator
497 574 692 582 .....
732 553 787 581 265
847 576 903 609 Qui
923 573 959 600 de
980 577 1070 601 mom
1091 577 1172 600 mum
1225 593 1232 600 ·
1414 572 1470 601 246

165 601 256 628 Nulla
276 603 361 630 laude
382 604 431 635 qui
455 603 568 639 indiges
590 623 596 629 .
637 623 643 629 .
683 623 690 630 .
731 600 786 630 237
846 623 903 656 Qui
924 621 1004 648 Deus
1025 625 1055 648 et
1074 624 1167 648 rector
1413 620 1470 649 244

166 648 255 675 Nulla
276 651 326 684 qui
346 649 433 677 laude
454 650 565 686 indiges
591 670 598 676 .
639 671 645 676 .
686 671 692 678 .
732 648 786 677 237
848 670 904 703 Qui
926 669 1002 703 regis
1023 672 1105 696 actus
1130 688 1137 695 ·
1178 689 1184 695 .
1224 643 1232 696 ζ
1367 642 1375 696 ’-
1415 668 1469 697 241

167 722 254 751 Odas
276 726 429 761 pangimus
448 747 691 753 ......
732 723 785 753 251
847 718 903 750 QUi
924 717 1021 743 SOssitu
1045 716 1186 744 mel⁰ffiae
1223 737 1230 744 ·
1413 715 1470 744 254

166 771 190 798 Ο
211 771 304 806 gloria
325 776 490 800 sanctorum
544 796 548 800 ,
590 795 596 801 .
638 794 644 800 .
685 794 691 800 .
731 771 787 801 232
847 765 903 798 QUi
924 766 1007 799 pater
1027 773 1057 791 0⁵
1078 764 1179 791 matris
1225 784 1231 791 ·
1415 763 1470 791 267

164 819 189 845 Ο
210 819 339 853 gloriosa
360 824 525 848 sanctorum
544 842 550 849 .
591 842 596 847 .
637 840 645 847 .
686 842 693 848 .
731 818 787 847 232
847 812 922 845 QUid
945 812 999 838 tibi
1020 820 1096 839 nunc
1117 811 1242 839 D⁰mi¹¹e
1271 832 1277 838 ·
1318 831 1324 837 ·
1365 831 1371 837 ·
1412 809 1468 839 254

166 865 190 892 o
210 864 367 894 laudabilis
388 876 437 894 rex
449 887 692 896 ......
733 866 788 896 238
848 858 931 893 Quod
952 859 1044 893 patris
1064 859 1099 886 ad
1121 858 1251 885 dextram
1273 880 1279 886 -
1321 880 1326 885 -
1369 880 1375 885 -
1415 857 1471 887 230

165 911 356 948 Omnipotens
379 916 426 949 pie
446 924 495 942 rex
544 938 549 943 ¹
591 937 597 942 .
638 937 644 943 ι
686 938 692 944 ι
733 914 785 943 241
847 907 976 940 Quorum
997 915 1077 933 mens
1098 906 1214 934 Christo
1271 928 1277 933 .
1320 927 1325 932 .
1366 925 1373 932 .
1413 904 1469 934 256

166 960 190 986 O
211 961 346 988 sacerdos
366 961 422 988 Dei
450 981 691 990 ......
732 961 788 990 220

164 1007 189 1033 O
210 1008 336 1035 siderum
357 1011 450 1035 rector
496 1030 693 1037 .....
731 1009 788 1038 250
846 990 960 1066 {effi
975 992 1103 1066 Ξῖἃῗὲῑθ
1125 994 1226 1026 pomus
1274 1012 1279 1018 ’
1320 1012 1326 1018 ’
1368 1012 1374 1018 ”
1415 989 1471 1066 {gi

166 1081 256 1111 Patri
277 1087 364 1119 atque
382 1083 432 1117 (et)
452 1085 511 1112 filio
543 1108 548 1113 .
590 1108 595 1112 .
637 1108 645 1115 .
685 1109 691 1114 .
732 1085 788 1115 270
846 1087 907 1113 Rex
928 1085 1014 1112 hodie
1035 1086 1167 1113 Christus
1223 1106 1228 1111 .
1272 1107 1277 1112 .
1320 1107 1325 1112 .
1367 1107 1374 1113 .
1414 1085 1471 1114 273

166 1130 226 1157 Pax
247 1133 423 1166 sempiterna
450 1153 692 1161 ......
732 1132 788 1162 220
846 1135 907 1161 Rex
929 1134 1067 1160 immense
1089 1133 1148 1169 poli
1177 1152 1371 1160 .....
1412 1132 1470 1162 260

166 1177 251 1204 Prole
271 1179 326 1205 tibi
347 1180 447 1206 iuncta
495 1200 692 1209 .....
732 1180 786 1209 276
845 1182 906 1208 Rex
924 1180 978 1206 tibi
1000 1181 1063 1207 laus
1084 1180 1169 1208 celsis
1224 1201 1230 1207 .
1272 1201 1278 1207 .
1319 1200 1325 1207 .
1414 1179 1470 1208 234

167 1250 239 1286 Qua
260 1253 417 1290 diSCiPUIOS
449 1275 692 1284 ······
733 1255 787 1285 266
847 1264 991 1293 Sacerdos
1012 1265 1067 1292 Dei
1090 1265 1196 1293 excelsi
1223 1286 1229 1292 .
1270 1285 1277 1293 .
1412 1265 1468 1294 220

166 1301 247 1333 QUae
265 1300 344 1334 (Qui)
363 1302 518 1330 caelicolas
545 1324 551 1330 ·
591 1324 597 1330 ·
640 1325 644 1330 ·
686 1325 692 1331 -
732 1302 785 1332 251
847 1313 979 1339 Siderum
1000 1316 1093 1339 rector
1126 1332 1370 1340 ......
1410 1311 1467 1341 250

165 1347 287 1380 Qualem
309 1348 428 1384 ⁸Pisit¹¹s
448 1370 692 1378 ······
732 1349 787 1379 266
846 1359 892 1386 Sit
911 1359 965 1386 tibi
986 1358 1049 1385 laus
1070 1360 1141 1387 trias
1175 1379 1371 1388 .....
1410 1359 1466 1387 235

165 1395 259 1427 quam
279 1395 359 1422 Deus
381 1400 513 1431 ΜΩΕΡῪΈΛ
542 1419 548 1425 ·
590 1418 595 1424 ·
638 1420 645 1426 ·
686 1420 691 1426 -
730 1397 788 1426 280
848 1405 989 1441 Splendor
1009 1407 1100 1440 patris
1122 1406 1152 1431 in
1172 1407 1262 1434 caelis
1319 1428 1324 1432 .
1365 1428 1371 1434 .
1411 1406 1469 1435 263

166 1441 287 1474 Ωὓὸὓᾶθ
309 1443 385 1477 regis
407 1447 524 1471 cunctos
544 1467 550 1472 ·
591 1465 597 1471 ·
639 1466 646 1473 ·
686 1467 692 1473 -
733 1443 786 1473 241
848 1454 964 1480 Summe
985 1453 1118 1480 sacerdos
1145 1455 1242 1481 emitte
1270 1476 1276 1481 .
1317 1474 1323 1480 .
1364 1474 1371 1480 .
1412 1453 1469 1482 220

167 1490 259 1523 Quem
279 1494 381 1517 cuncta
403 1490 523 1519 laudant
544 1514 550 1519 ·
591 1513 597 1519 ·
639 1514 645 1519 -
687 1515 692 1519 -
733 1491 787 1520 236
847 1501 979 1529 Surrexit
999 1501 1131 1528 Christus
1153 1510 1170 1527 a
1191 1503 1313 1529 mortuis
1366 1521 1373 1528 .
1413 1501 1470 1531 220

166 1538 258 1570 Quem
278 1537 360 1564 decet
380 1541 411 1564 ut
448 1558 692 1567 ......
732 1538 787 1568 256

167 1586 259 1618 Quem
280 1585 427 1612 dominum
448 1595 542 1614 rerum
590 1607 596 1613 .
637 1608 644 1614 .
684 1610 691 1616 .
731 1585 788 1615 230
847 1585 963 1614 'ferrea
981 1588 1137 1614 temnentis
1178 1606 1375 1614 .....
1413 1586 1469 1615 261

547 1689 629 1726 111³.
667 1690 788 1735 Tropi
815 1689 863 1725 ad
888 1689 1078 1733 Regnum.

659 1748 731 1792 (Nr.
759 1747 973 1791 219—246.)

713 1822 786 1846 Seite
814 1823 816 1864 y
1395 1823 1469 1846 Seite.

165 1858 262 1888 Alma
283 1862 365 1887 cuius
387 1864 515 1896 potestas
541 1882 547 1889 .
685 1884 691 1890 .
731 1861 784 1890 287
814 1867 816 1906 Ι
846 1862 878 1891 Ο
900 1872 949 1890 rex
970 1863 1082 1898 gloriae
1131 1883 1374 1892 ......
1415 1863 1470 1892 287

165 1907 372 1943 Apostolorum
393 1910 525 1945 princeps
542 1931 547 1937 .
588 1931 594 1936 .
637 1932 641 1937 .
683 1931 688 1937 .
730 1909 784 1938 291
845 1912 869 1937 O
890 1919 1000 1938 summe
1021 1911 1096 1938 bone
1131 1930 1374 1939 ......
1414 1911 1471 1941 288

166 1981 265 2012 Carne
289 1987 317 2010 et
338 1988 433 2012 mente
448 2005 691 2014 ......
731 1985 787 2015 299
846 1984 1030 2014 Praecursor
1051 1986 1161 2014 Christi
1180 2006 1377 2014 .....
1416 1986 1472 2016 292

166 2030 244 2059 Celsi
265 2031 390 2058 clemens
411 2033 526 2069 Olympi
543 2055 548 2060 .
590 2053 596 2059 .
638 2054 643 2059 .
685 2054 690 2060 .
732 2032 787 2062 293
844 2060 1041 2096 Redemptori
1063 2071 1126 2089 meo
1413 2062 1470 2092 299

165 2077 304 2107 Conditor
344 2081 438 2106 eneris
496 2101 691 2108 .....
731 2079 787 2108 285
1176 2083 1373 2090 '''''

165 2087 446 2154 ConfessorgChristi
494 2148 690 2155 .....
731 2127 787 2156 293
844 2109 1227 2192 Ξῖἓῐῗεοέζῖοὲἰοίξωὲῃθ
1271 2132 1277 2137 ”
1319 2131 1326 2137 “
1366 2130 1373 2137 ”
1413 2109 1471 2186 {gg

166 2201 269 2231 Decus
289 2203 435 2238 virginum
450 2224 692 2231 ......
732 2203 787 2232 289
846 2205 975 2238 Regnum
995 2204 1070 2230 caeli
1089 2202 1182 2237 (celsi)
1200 2204 1288 2232 decus
1318 2225 1325 2231 .
1366 2225 1374 2233 .
1414 2205 1471 2234 295

167 2251 245 2278 Deus
265 2250 411 2285 virginum
448 2269 691 2279 ......
731 2250 787 2279 289
846 2251 977 2286 Regnum
997 2252 1060 2278 eius
1079 2250 1183 2286 (cuius)
1203 2261 1341 2288 magnum
1362 2274 1367 2279 .
1409 2252 1469 2282 294

284 2327 290 2332 ,
307 2327 313 2332 ,
368 2326 374 2332 ,
847 2298 978 2334 Regnum
999 2301 1080 2325 tuum
1100 2303 1250 2334 permanet
1272 2320 1279 2326 .
1319 2320 1326 2327 .
1368 2321 1374 2327 .
1415 2300 1471 2329 297

165 2324 330 2354 Ineffabihs
351 2335 419 2380 sule.
433 2325 490 2353 fine
542 2347 549 2354 .
590 2346 596 2353 .
637 2347 643 2353 .
684 2347 691 2353 .
731 2325 787 2354 285
846 2346 979 2381 Regnum
993 2348 1076 2372 tuum
1090 2345 1215 2373 solidum
1231 2345 1236 2382 ἱ
1255 2357 1374 2376 maneus
1415 2347 1472 2377 296

165 2373 309 2401 Iohannes
334 2374 468 2408 Baptista
496 2392 692 2400 .....
732 2372 788 2402 293
846 2395 1064 2429 Regnumtuum
1073 2392 1198 2420 solidum
1211 2392 1214 2428 Ι
1228 2403 1376 2430 permane-

165 2439 283 2474 Lumen
303 2443 419 2468 aeterne
450 2459 693 2471 ......
732 2438 788 2472 286
920 2441 964 2471 bit
987 2460 1374 2471 .........
1415 2441 1471 2473 297
