1650 2659
717 102 974 137 -150—

829 219 862 251 2.

365 305 393 329 a.
419 295 552 328 Lumine
579 295 618 326 de
644 303 764 326 summo
790 294 839 325 cui
866 297 990 326 constat
1014 292 1084 327 fons
1110 298 1142 327 et
1165 296 1263 338 origo,

362 345 393 375 b.
420 344 517 383 Quem
544 344 651 383 genuit
676 342 793 374 mundo
820 342 928 374 divino
953 342 1092 383 germine
1118 343 1216 384 virgo,

367 400 391 424 c.
419 392 487 424 Rex
515 391 576 431 pie,
603 395 637 422 tu
663 394 788 422 nostras
812 389 994 422 miserando
1019 390 1103 422 dilue
1129 391 1248 431 culpas,

831 497 862 528 3.

363 583 391 606 a.
418 573 569 613 Aequalis
595 573 710 613 genito,
738 575 773 603 tu
798 572 938 613 spirim,
967 575 999 602 et
1023 571 1165 614 genitori,

358 621 388 652 b.
415 620 517 660 Reple
542 620 682 660 septenis
708 628 869 652 servorum
896 623 1026 659 pectora
1051 619 1151 653 donis.

588 676 614 701 c.
641 667 743 708 Kyrie
768 667 895 699 eleison.

272 774 380 806 Hymn.
409 776 436 799 et
460 773 575 799 Prosar.
602 780 653 798 ms.
682 772 917 799 Fredeslariense
946 780 1021 798 saec.
1050 770 1093 798 11.
1134 770 1203 798 eod.
1228 770 1374 798 Casselan.
1394 769 1496 796 Theol.

196 811 236 837 IV
247 808 268 837 ⁰.
289 809 335 837 25*
355 825 391 830 ——
416 811 518 837 Jedeni
539 810 715 837 Hexameter
736 810 805 845 geht
823 809 876 836 das
897 810 1007 844 Kyrie
1026 808 1197 841 (Christe)
1217 809 1362 836 eleison
1381 816 1496 834 vor-aus·

574 950 619 980 89.
661 949 757 988 Kyrie
782 950 884 989 „Ignis
905 949 1112 980 discurrens“.

833 1041 863 1072 1.

371 1115 464 1155 lyons
491 1115 671 1146 discurrens
697 1115 727 1145 in
755 1112 888 1145 flammis
915 1123 983 1146 esse
1009 1114 1166 1154 probaris,

372 1163 540 1202 Perpetuo,
568 1162 652 1192 velut
679 1170 711 1193 es
738 1162 804 1192 sine
830 1166 980 1204 tempore,
1009 1170 1135 1202 semper
1160 1170 1239 1202 eras,
1268 1169 1311 1199 es,

373 1209 500 1248 Subque
527 1218 682 1250 superque
707 1210 814 1249 polum
840 1218 898 1248 per
923 1212 954 1239 te
977 1212 1062 1241 stant
1087 1209 1191 1240 omnia
1217 1208 1328 1241 solum.

316 1125 345 1194 §³2²³

319 1220 345 1243 :³

835 1314 864 1346 2.

373 1389 466 1429 Igmis
491 1387 671 1419 discurrens
698 1391 745 1419 est
771 1391 812 1426 te,
840 1389 926 1420 Deus
952 1388 1045 1427 alme,
1072 1387 1222 1427 figurans,

374 1436 402 1467 E
428 1439 518 1475 patre
544 1444 602 1476 per
626 1439 749 1475 portam
777 1435 945 1475 rumpebas
970 1439 1037 1466 tute
1063 1439 1238 1476 serratamq

320 1492 346 1516 c.
375 1482 443 1514 Hac
467 1483 520 1514 ubi
546 1481 729 1522 proferens,
757 1486 888 1514 mortem
915 1483 1002 1521 teris,
1028 1483 1093 1515 alta
1117 1482 1239 1515 revisis.

317 1399 346 1469 9⁶50

837 1588 868 1620 3.

320 1672 348 1695 a.
375 1663 466 1704 Iym‘s
492 1662 701 1694 flammivomo
726 1667 761 1694 tu
785 1663 922 1701 numine,
948 1671 1085 1702 pneuma
1110 1662 1248 1697 beatum.

317 1710 345 1742 b.
374 1711 409 1742 In
437 1711 554 1742 deitate
580 1712 650 1751 pari
677 1711 717 1742 sit
743 1711 842 1750 gloria
868 1720 989 1742 summa
1014 1710 1148 1742 tonanti.

549 1768 574 1790 υ.
601 1758 705 1798 Kyrie
729 1757 856 1790 eleison.

280 1862 365 1897 Trop.
397 1870 448 1888 ms.
481 1862 696 1889 Cremifanense
727 1870 801 1889 saec.
836 1860 878 1889 12.
908 1864 946 1889 in.
994 1862 1064 1889 Cod.
1095 1862 1286 1889 Cremifanen.
1315 1859 1379 1889 309.
1406 1875 1443 1879 ——
1469 1858 1509 1888 Ze

206 1901 316 1927 revisit.
339 1913 372 1918 —-
393 1900 495 1927 Jedem
516 1900 693 1927 Hexameter
713 1900 781 1936 geht
801 1900 853 1927 das
874 1901 988 1935 Kyrie
1008 1899 1149 1935 (Christe)
1169 1900 1315 1927 eleison
1336 1907 1452 1927 vorans.
1473 1913 1510 1917 —

204 1938 328 1965 Schema
356 1939 412 1965 wie
441 1938 639 1971 „Conditor
665 1941 699 1966 et
722 1937 868 1966 rector“.
895 1954 931 1958 —
957 1939 1014 1965 Mit
1037 1939 1205 1966 Ausnahme
1231 1946 1290 1965 von
1320 1936 1361 1965 la
1386 1936 1446 1964 und
1466 1934 1511 1964 Sa

204 1976 299 2003 haben
320 1976 366 2003 die
387 1976 564 2003 Hexameter
584 1977 781 2004 Binnenreim.

583 2116 631 2146 90.
674 2116 771 2154 Kyrie
793 2116 832 2151 „0
853 2118 946 2156 pater
966 2115 1134 2156 ingenite“.

842 2206 873 2239 1.

350 2291 379 2313 a.
406 2281 431 2314 Ο
457 2285 549 2321 pater
574 2280 725 2321 ingenite,
751 2291 807 2313 rex
833 2282 959 2324 caelice,
990 2281 1135 2314 conditor
1158 2280 1254 2319 alme,

345 2329 376 2362 b.
404 2328 599 2370 Principium
626 2337 752 2367 verum,
780 2329 819 2361 de
845 2339 905 2369 quo
930 2328 1106 2370 primordia
1130 2336 1253 2370 rerum,

352 2386 378 2408 c.
404 2376 550 2409 Moribus
577 2375 733 2410 informes
761 2377 819 2408 tibi
844 2387 901 2410 nos
926 2376 1108 2409 miserando
1132 2374 1303 2410 reformes.
