1650 2659
758 169 1006 204 —354-

610 259 675 289 353.
710 259 852 291 Hosanna
873 260 988 301 „Hagie
1009 262 1158 294 christe-⁴.

736 338 767 370 1.
794 339 968 379 Hos-arma,

245 406 305 437 2a.
333 405 434 445 Hagie
460 405 596 443 Christe,
625 405 677 435 lux
705 413 790 441 vera,
927 405 988 438 2b.
1015 405 1151 446 Aequali
1177 404 1304 436 suboles
1331 404 1395 435 vita

329 453 393 484 alta
420 452 572 491 genitoris
597 451 720 490 sophia,
1011 453 1122 492 patriS,
1150 451 1302 482 irinitatis
1327 459 1477 490 persona,

243 529 304 560 3³.
333 528 455 567 Supera
481 531 522 564 te,
550 526 655 558 media
924 528 987 560 3b.
1014 528 1060 558 Te
1086 527 1182 558 cosmi
1209 526 1337 558 climata

327 579 355 605 et
382 576 444 605 ima
1010 575 1146 606 adorant

327 625 570 661 praeconantur,
1010 622 1059 653 bis
1085 621 1160 652 bina

327 673 403 699 nutu
429 668 517 698 cuius
544 672 656 698 cuncta
1011 669 1135 701 actibus
1161 668 1220 700 libi
1246 677 1354 709 prona.

243 747 306 776 4a.
335 744 451 774 Nostra
479 747 512 773 tu
538 743 648 784 gloria,
928 744 989 778 4b.
1017 746 1086 784 Quo
1112 744 1158 774 sic
1183 749 1286 775 mente
1312 753 1391 784 pura

327 790 378 821 fac
403 790 461 821 tibi
490 790 585 828 digna
1011 791 1192 831 palinodias

327 847 455 877 agamus
1010 840 1168 871 solvamus

329 885 443 924 compti
472 884 625 924 dindima,
1012 886 1080 925 tibi,
1108 886 1301 927 redemptor,
1331 885 1480 928 „Gloria“

243 964 303 993 5a.
332 961 402 999 Illa,
429 966 462 991 ut
489 965 534 992 tot
562 961 679 992 caelica
929 962 990 995 5b.
1017 963 1102 1002 Quae
1129 962 1312 994 continuant
1341 963 1491 994 Hosanna

328 1018 463 1048 agmina,
1013 1019 1144 1049 propria

735 1077 765 1107 6.
792 1075 833 1106 In
860 1076 996 1108 ezcelsis.

310 1159 398 1190 Troo.
426 1167 476 1184 ms.
499 1159 689 1185 Narbonense
721 1167 796 1186 saec.
826 1157 868 1185 12.
913 1160 981 1186 Cod.
1002 1160 1128 1187 Parisin.
1158 1157 1220 1185 778.
1243 1174 1278 1178 —
1299 1158 1361 1193 3³,
1390 1159 1402 1187 1
1433 1162 1545 1196 Supera

236 1197 370 1224 remedia.
395 1210 427 1215 -
449 1195 509 1227 31),
537 1195 554 1221 4
582 1205 689 1231 proma.
714 1213 746 1215 —
768 1196 824 1228 4b,
850 1196 868 1223 4
895 1198 949 1224 tibi
978 1198 1111 1233 adempta
1139 1197 1214 1223 doxa
1235 1211 1272 1215 —
1288 1197 1346 1230 51³,
1378 1198 1390 1225 l
1413 1207 1455 1234 sq.
1478 1200 1544 1226 Heu

235 1237 398 1261 continuati
414 1234 469 1260 heu
486 1235 666 1269 propria(!?).
686 1249 715 1253 —
733 1235 837 1261 Dieser
853 1236 966 1270 Tropus
980 1236 1084 1271 gehiirt
1098 1236 1128 1260 in
1143 1235 1193 1262 der
1208 1236 1310 1269 Quelle
1325 1246 1389 1263 zuin
1406 1238 1543 1264 Sanctus-

234 1273 361 1307 Tropus:
396 1273 553 1299 Sanctus
585 1272 790 1306 plasmator
823 1274 964 1304 mundi;
992 1274 1124 1300 letzterer
1152 1274 1189 1299 ist
1218 1282 1275 1299 von
1301 1275 1431 1309 spfiterei·
1456 1275 1544 1302 Hand

237 1311 432 1345 eingetragen.
455 1323 490 1327 —
513 1310 551 1335 Zu
577 1309 738 1343 „dindima“
752 1312 937 1345 :mysteria
958 1310 1021 1343 (4a,
1041 1311 1070 1344 4)
1092 1311 1149 1336 und
1174 1311 1358 1345 „palinodia“
1382 1312 1446 1346 (4b‚
1467 1311 1495 1344 2)
1515 1322 1542 1340 v.

237 1349 282 1374 Du
304 1348 401 1383 Gange
423 1356 444 1373 s.
467 1356 492 1372 v.

248 1510 304 1541 la.

249 1633 301 1664 2a

245 1755 304 1787 3³.

244 1880 303 1910 4a.

245 2002 303 2032 5a.

244 2124 302 2155 6a.

679 1430 746 1459 35⁴.
778 1430 920 1460 llosanna
940 1430 1097 1461 dulciflua.

332 1509 495 1540 Hosanna
523 1507 672 1539 dulciflua
932 1511 947 1542 1
962 1510 992 1544 b.
1018 1510 1156 1550 Agmina
1180 1511 1321 1549 angelica

331 1556 399 1587 Deo
422 1560 572 1586 resonant
600 1560 721 1588 cuneta.
1013 1559 1152 1597 psallant
1175 1558 1234 1588 tibi
1259 1558 1291 1589 in
1316 1562 1412 1594 astra,

339 1633 396 1669 Qui
425 1631 550 1669 venisti,
577 1640 643 1664 rex.
671 1641 761 1663 sacra
931 1633 991 1665 2b.
1018 1633 1136 1665 Forma
1161 1634 1245 1665 servi
1271 1640 1416 1674 suscepta

334 1679 366 1709 in
392 1678 523 1717 virginis
548 1679 681 1716 viscera,
1018 1681 1194 1720 procedens
1220 1690 1258 1712 ex
1284 1681 1398 1724 Maria,

330 1756 415 1792 Quae
441 1754 556 1784 mansit
582 1754 767 1794 incorrupta
932 1757 991 1789 3b.
1018 1757 1164 1788 Laczavit
1191 1766 1348 1798 puerpera

328 1806 398 1841 post
425 1804 614 1841 partumque
640 1802 774 1841 integra,
1017 1804 1119 1836 Deum
1146 1805 1302 1836 hominem
1329 1815 1419 1846 pura.

332 1878 420 1909 Inter
445 1877 594 1908 animalia
930 1880 992 1912 4b.
1021 1880 1201 1920 Pannisque
1227 1885 1281 1912 tua
1306 1881 1446 1914 membra

329 1933 439 1964 passus
465 1933 498 1954 es
524 1925 709 1964 praesaepia
1013 1928 1128 1959 vilibus
1154 1928 1307 1961 involuta.

328 1999 482 2039 Progenie
509 2000 635 2038 perdita
931 2003 991 2036 5b.
1018 2004 1104 2042 Quae
1129 2011 1186 2042 per
1214 2005 1316 2036 crucis
1342 2009 1499 2038 tormenta

329 2046 495 2085 suscepisti
521 2047 666 2085 humana,
1010 2051 1050 2082 ad
1078 2059 1183 2090 regem
1210 2056 1282 2082 sunt
1309 2053 1449 2085 reducta.

329 2121 495 2162 Sanguinis
523 2122 567 2152 tui
593 2123 677 2154 unda
926 2125 988 2158 6b.
1015 2126 1134 2165 Quibus
1160 2127 1262 2165 patris
1289 2129 1391 2167 gratia

329 2168 511 2208 confregisti
538 2172 668 2207 tartara,
1008 2173 1223 2205 conscendens
1248 2175 1280 2205 in
1307 2175 1419 2215 gloria.

659 2237 688 2268 7.
715 2237 751 2267 ln
778 2237 838 2268 hac
863 2238 954 2279 plebs
979 2238 1144 2270 sollemnia

711 2288 801 2315 sonet
826 2286 963 2317 melodia

758 2332 792 2362 in
820 2332 956 2364 excelsis.

313 2406 400 2440 Trop.
429 2413 480 2430 mS.
503 2403 691 2431 Martialense
718 2414 793 2432 saec.
819 2406 876 2439 (11.
896 2408 936 2441 et)
956 2405 998 2434 12.
1040 2406 1110 2435 Cod.
1133 2405 1257 2434 Parisin.
1283 2406 1364 2436 1139.
1386 2423 1420 2428 —
1444 2409 1506 2444 2b‚
1531 2411 1544 2440 1

237 2444 378 2471 Formam.
401 2457 437 2462 -—
458 2441 508 2473 4a,
533 2440 550 2468 2
565 2442 657 2468 Deum
673 2452 776 2478 passus
792 2447 846 2471 est.
863 2459 899 2463 —
913 2443 964 2477 511,
985 2443 1003 2472 2
1017 2450 1085 2472 sunt
1098 2444 1178 2471 fehlt.
1194 2460 1229 2464 —
1250 2444 1301 2477 6b,
1323 2444 1341 2473 2
1354 2449 1544 2478 concendeus.
