1650 2659
665 129 925 166 —319—

548 269 610 300 291.
641 269 774 301 sanetus
795 277 834 301 ex
855 277 914 310 qno
935 271 1048 302 omnia.

153 359 185 391 1.
211 358 362 400 Sanctus,
390 367 428 390 ex
455 367 516 398 quo
542 358 663 398 omnia;
841 360 873 391 2.
900 359 1050 399 Sanctus.
1077 369 1135 400 per
1161 369 1250 400 quem
1278 361 1392 398 omnia7

482 435 514 466 3.
539 432 678 465 Sanctus
703 433 735 464 in
759 443 820 472 quo
846 434 961 474 omnia,

539 481 704 512 Dominus
730 481 820 512 Deus
845 499 892 503 —
915 481 1018 520 ylorin
1046 484 1114 514 tua.

381 532 414 561 4.
442 528 555 560 Mundi
581 529 764 568 plasmator,
793 528 944 568 salvator,
971 530 1196 562 sanctificator.

150 606 186 637 5.
212 604 378 636 Hosarma
404 603 439 634 in
465 604 603 642 excelsis,
837 606 869 636 6.
895 604 1098 645 Benedictus,

211 651 316 683 David
343 660 382 682 ex
409 651 510 691 stirpe
535 653 659 692 genitus
898 651 954 682 Cui
980 652 1086 690 proles
1114 652 1274 684 Hebraica

211 699 332 731 Summi
357 699 461 738 patris
485 700 678 739 unigenitus.
897 698 1020 730 Canens
1047 700 1131 731 venit
1155 701 1290 737 obviam,

481 776 514 807 8.
543 774 604 814 Qui
629 775 715 806 venit
740 775 775 806 in
801 775 932 807 nomine
957 775 1105 815 Domini,

547 823 603 853 Cui
631 822 768 854 caelicus
794 823 873 854 ordo

551 870 642 902 Canit
671 871 738 901 sine
765 870 910 901 termino.

215 953 302 988 Trop.
324 962 375 980 ms.
396 954 544 990 Pragense
565 962 640 981 saec.
664 952 707 981 13.
743 953 812 980 Cod.
834 954 928 989 Capit.
950 955 1072 989 Pragen.
1088 954 1159 980 Cim.
1181 953 1206 980 4.
1223 955 1255 981 A.
1279 970 1314 973 —
1336 956 1449 982 Prosar.

139 1000 193 1020 ms.
229 991 346 1019 Arnesti
376 992 532 1027 Pragensis
559 994 628 1019 anui
658 990 739 1019 1350.
786 991 855 1018 cod.
886 993 979 1026 Capit.
1004 992 1126 1026 Pragen.
1155 993 1177 1017 Ρ
1207 990 1232 1018 9.
1263 993 1292 1018 15.
1322 1008 1358 1012 —-
1384 992 1452 1026 Vgl.

139 1031 321 1063 „Sanctus
343 1038 377 1056 ex
398 1038 466 1065 quo
488 1033 573 1056 sunt
594 1030 746 1062 omnia'“,
769 1030 826 1056 und
851 1032 1022 1063 „Sanctus
1044 1038 1061 1056 a
1083 1038 1153 1064 quo
1176 1035 1259 1057 sunt
1280 1033 1409 1058 omnia.

539 1161 604 1191 292.
636 1162 766 1190 Sanctus
793 1161 921 1196 „nector
945 1161 1052 1192 t¹aeli“.

152 1250 183 1282 1.
212 1249 330 1281 Reotor
354 1249 435 1281 caeli
459 1251 658 1291 immortalis,
837 1253 867 1283 2.
896 1251 981 1282 Deus
1007 1251 1095 1290 pacis
1121 1255 1150 1281 et
1179 1256 1311 1287 amator,

211 1296 278 1329 Nos
304 1306 466 1334 conserva,
494 1298 546 1329 lux
574 1299 696 1338 solaris,
898 1298 998 1330 Verae
1025 1299 1102 1337 legis
1129 1299 1309 1337 indagator.

258 1345 317 1384 Qui
343 1354 375 1377 es
403 1350 529 1377 creator
941 1347 1056 1384 Aegris
1084 1346 1238 1377 medelam

304 1402 410 1424 rerum
436 1397 466 1424 et
491 1393 626 1427 initium.
990 1392 1100 1425 confer
1124 1399 1155 1424 et
1181 1394 1344 1424 solacium.

464 1471 495 1502 3.
522 1469 620 1506 Deus,
648 1471 701 1509 qui
728 1480 760 1502 es
786 1480 940 1503 summum
969 1470 1094 1507 bonum,

522 1517 622 1549 Nobis
649 1517 758 1549 confer
785 1519 868 1550 vitae
893 1519 1007 1550 donum

566 1565 773 1597 Precantibus

606 1613 753 1652 spiritum
779 1613 980 1652 paraclitum.

214 1695 302 1732 Trop.
334 1706 385 1724 ms.
417 1697 655 1724 Praedicatorum
682 1698 852 1729 (Gallicum)
883 1706 957 1724 saec.
993 1695 1035 1723 13.
1085 1696 1154 1724 Cod.
1186 1697 1356 1732 Sangallen.
1389 1698 1454 1727 2383.

136 1733 193 1762 Al.
214 1749 251 1753 —
271 1735 358 1771 Trop.
381 1744 433 1762 ms.
456 1735 647 1771 Sangallense
669 1744 744 1762 saec.
765 1735 810 1769 (11
834 1739 872 1767 et)
895 1733 936 1763 13.
972 1736 1041 1762 eod.
1065 1734 1233 1769 Sangalleu.
1255 1733 1319 1762 382.
1341 1736 1395 1764 A‘-'.
1417 1753 1453 1755 —

136 1773 272 1801 Cantion.
303 1783 354 1800 ms.
383 1774 558 1801 Secoviense
592 1775 661 1800 anni
698 1772 777 1800 1345.
819 1774 888 1801 Cod.
910 1774 1049 1801 Graecen.
1079 1771 1141 1800 756.
1163 1774 1195 1799 Β.
1222 1788 1258 1791 -
1284 1774 1371 1803 Grad.
1403 1786 1455 1803 ms.

136 1811 350 1847 Mosburgeuse
376 1813 448 1839 anui
479 1810 561 1839 1360.
601 1812 672 1839 (sod.
699 1811 786 1839 Univ.
816 1810 968 1838 Monacen.
999 1810 1060 1838 156.
1090 1811 1150 1838 Fol.
1180 1812 1211 1838 C.
1233 1826 1269 1829 —
1291 1814 1375 1840 Cant.
1402 1824 1455 1841 ms.

137 1849 376 1886 Engelbergense
397 1852 469 1877 anni
494 1848 574 1877 1372.
617 1850 687 1878 uod.
709 1850 922 1885 Engelbergen.
944 1848 1007 1876 314.
1032 1850 1068 1876 D.
1091 1864 1127 1868 —
1147 1849 1262 1876 Prosar.
1285 1860 1335 1878 ms.
1357 1852 1455 1880 Erfor-

136 1888 238 1915 diense
270 1897 346 1916 saec.
377 1887 453 1923 ¹⁴}15.
494 1889 564 1915 Cod.
587 1887 796 1915 Carolsxuhan.
818 1889 870 1914 Pm
895 1888 936 1915 16.
955 1889 990 1915 E.
1013 1902 1050 1905 —
1070 1887 1158 1914 Grad.
1181 1896 1233 1914 ms.
1254 1889 1456 1925 strigoniense

137 1934 214 1954 saec.
238 1924 281 1954 15.
319 1927 388 1954 Coti.
407 1928 503 1963 Capit.
519 1926 697 1962 Strigonien.
713 1927 782 1953 Mss.
804 1927 817 1953 I
838 1924 863 1953 3.
881 1927 911 1953 F.
934 1941 970 1944 —
991 1926 1071 1952 Pros.
1095 1929 1121 1952 et
1137 1925 1224 1961 Trop.
1241 1935 1292 1953 ms.
1307 1924 1455 1964 Prageuse

137 1972 215 1992 saec.
238 1963 282 1992 15.
323 1965 394 1993 Cod.
414 1965 492 1992 Mus.
514 1965 633 1991 Bohem.
655 1964 728 1991 xm
749 1965 774 1991 E
796 1962 821 1991 ὅ.
843 1964 878 1992 G.
900 1979 937 1983 --
957 1966 1034 1991 Cant
1052 1973 1105 1990 τηε.
1127 1964 1358 1999 Vissegradeuse
1380 1977 1454 1995 saec,

139 2002 182 2030 15.
222 2002 292 2030 Cod.
321 2004 415 2039 Capit.
444 2003 651 2038 vissegraden.
680 2003 704 2028 V
727 2004 774 2029 (Ὦ.
798 2012 823 2036 η,
847 2003 880 2028 H.
903 2017 939 2021 ——
961 2003 1080 2029 Collect.
1109 2011 1160 2029 ms.
1191 2002 1350 2033 Altahense
1380 2015 1456 2033 saec,

137 2039 182 2069 15.
226 2041 300 2068 Clm.
327 2043 481 2070 Monacen.
509 2039 592 2069 5908.
616 2041 638 2067 1.
659 2056 696 2058 —
715 2041 834 2068 Collect.
863 2049 915 2067 ms.
943 2042 1043 2068 iucert.
1072 2041 1177 2076 origin.
1199 2048 1274 2069 saec.
1299 2043 1341 2071 15.
1383 2045 1452 2072 Cod.

135 2079 301 2107 Londinen.
323 2080 397 2107 Add.
413 2079 519 2108 27630.
536 2080 572 2106 K.
594 2094 629 2097 —
651 2079 737 2115 Trop⁴
754 2088 806 2105 ωε.
823 2079 1014 2114 Sangallense
1030 2087 1104 2105 saee.
1123 2077 1164 2105 10.
1201 2080 1271 2108 Cod.
1287 2081 1456 2116 Sangallen.

134 2115 202 2146 378.
231 2117 296 2145 add.
323 2127 398 2145 sace.
430 2117 472 2146 15.
502 2118 536 2146 L.
566 2132 602 2136 -—
630 2118 767 2152 Sequent.
796 2126 848 2144 ms.
877 2117 1019 2144 Branderi
1041 2116 1242 2152 Sangallensis
1270 2123 1340 2147 anni
1374 2119 1456 2148 1507,

137 2155 207 2184 Cod.
230 2155 400 2192 Sangallen.
421 2155 485 2184 546.
507 2157 546 2183 M.

216 2193 246 2227 1,
279 2194 292 2222 l
322 2195 385 2222 Rex
412 2195 486 2222 caeli
507 2195 546 2221 M.
568 2208 605 2212 ν-
629 2194 655 2226 1,
684 2192 701 2220 2
729 2193 778 2219 lux
806 2193 917 2220 lunaris
941 2194 976 2220 D.
998 2208 1036 2212 —
1056 2195 1113 2222 Str.
1134 2191 1151 2221 2
1170 2194 1228 2221 und
1249 2194 1267 2222 3
1289 2196 1456 2231 umgestellt

134 2234 166 2260 F.
187 2247 226 2251 —
246 2230 280 2264 2,
311 2231 325 2259 l
346 2236 375 2260 et
395 2233 467 2260 fehlt
488 2233 525 2260 L:
553 2233 634 2266 pacis
656 2231 808 2258 adamator
834 2233 870 2258 H.
892 2247 929 2250 —
949 2230 982 2261 2,
1009 2230 1028 2258 2
1048 2233 1148 2260 Novae
1171 2233 1243 2268 legis
1266 2235 1297 2261 C.
1320 2249 1354 2254 —
1376 2232 1406 2266 2,
1438 2233 1456 2261 4

135 2271 251 2298 confert
277 2269 330 2299 A‘-’.
352 2285 388 2289 ——
409 2269 443 2304 3,
471 2269 484 2298 1
511 2270 600 2298 Pater
627 2271 678 2306 qui
705 2271 728 2296 A
750 2271 774 2297 B
795 2270 821 2296 D
843 2270 869 2297 K
891 2271 928 2301 L;
956 2271 1012 2304 Qui
1043 2280 1073 2298 es
1102 2274 1184 2305 pater
1212 2280 1234 2297 s.
1265 2273 1298 2299 L.
1321 2287 1356 2291 —
1377 2272 1408 2303 3,
1438 2271 1456 2299 3

134 2309 310 2337 Petentibus
331 2309 369 2342 C3
394 2309 547 2344 Nobisque
573 2308 651 2335 <lona
671 2308 756 2341 (stasst
778 2307 1018 2343 „Precauffl›us“)
1036 2309 1062 2336 E
1083 2309 1118 2336 G.
1141 2325 1176 2328 —
1197 2309 1228 2342 3,
1258 2309 1276 2336 4
1297 2311 1455 2346 spirituum

135 2347 180 2380 H;
208 2350 322 2376 confert
346 2351 374 2375 et
400 2347 542 2375 solacium
570 2350 652 2378 (statt
676 2347 829 2382 „spiritum
857 2346 1060 2382 paraclitum“)
1087 2346 1132 2374 ΑΞ
1163 2347 1196 2374 L.
1224 2363 1261 2366 ——
1290 2349 1349 2376 Vor
1373 2349 1456 2383 jeder

136 2385 264 2422 Strophe
291 2386 370 2414 steht
398 2384 568 2421 ‚‚Sanctns“.
590 2399 627 2403 —
647 2385 682 2412 In
707 2383 749 2411 A¹
778 2383 805 2412 E
835 2385 861 2412 G
890 2387 930 2412 ist
955 2385 1050 2413 dieser
1073 2386 1189 2422 Tropus
1216 2388 1268 2413 mit
1291 2386 1388 2420 jenem
1416 2389 1457 2421 „O

135 2431 246 2460 quam
266 2421 454 2453 dulciter“
477 2433 514 2452 zu
534 2425 654 2451 einem
676 2422 855 2450 verbunden.
