1650 2659
689 129 945 165 —323-

170 222 204 254 4.
230 221 398 255 Dominus
422 223 513 256 Deus
538 224 690 264 Sabaoth,
859 229 890 261 5.
917 228 1080 259 Hosanna
1105 227 1141 259 in
1167 228 1304 261 excelsis.

232 269 331 308 Quem
356 271 501 303 caelestis
520 271 608 304 chori
625 274 784 305 exercitus
917 275 1108 308 Benedictus

280 317 489 357 Celebrand0‚
915 321 964 353 De
990 322 1086 354 caelis
1111 331 1130 352 a
1154 326 1246 362 patre
1271 323 1396 361 missus,

279 364 450 398 Iubilando
916 369 977 410 Qui
1003 370 1088 401 venit

230 412 451 445 Proclamant:
486 413 580 445 Pleni
605 415 680 445 sunt
705 414 785 446 caeli
915 418 944 447 A
971 417 1135 457 magnifica
1161 417 1261 457 gloria
1287 417 1386 457 patris

231 462 259 491 et
280 463 368 491 terra
391 460 497 500 yloria
521 463 600 499 tunm
916 464 951 494 In
978 470 1100 495 uterum
1127 464 1258 504 virginis

278 508 378 547 Quem
402 508 575 549 laudando,
962 511 1003 542 Et
1030 511 1175 551 salvavit,

279 555 470 588 Venerando
962 558 1044 595 Quos
1071 560 1188 590 creavit

231 601 326 634 Dicat
353 603 453 634 omnis
479 604 627 643 spiritus:
913 605 956 635 In
982 605 1108 637 nomini
1134 606 1282 638 Domini.

500 682 531 713 6.
558 680 644 719 Ergo
671 679 865 720 redemptori
891 679 1026 712 Domino

560 727 676 759 Cordis
700 732 795 767 atque
820 728 907 759 vocis
933 728 1031 760 iubilo

606 774 731 806 Laudes
759 775 867 806 demus

606 821 673 852 Nec
698 830 854 853 cessemus

556 870 635 902 Cum
661 869 782 909 angelis
808 870 993 901 concinere:

604 917 769 948 Hosanna
795 917 830 947 in
856 917 993 949 excelsis.

232 989 321 1024 Trop.
350 998 402 1016 ms.
424 988 569 1026 pragense
590 999 665 1017 saec.
692 988 733 1017 13.
776 989 844 1017 cod.
866 991 960 1025 Capit.
982 991 1105 1026 Pragen.
1128 990 1200 1018 Cim.
1221 990 1247 1018 4.
1270 1005 1307 1010 —
1330 991 1361 1023 1,
1390 991 1407 1019 4
1429 991 1466 1019 Et

156 1030 295 1063 potestas.
318 1041 354 1047 —
375 1025 401 1060 2,
423 1026 441 1054 5
463 1029 549 1055 nobis
570 1027 745 1055 redimendis
765 1028 868 1055 factus.
890 1042 924 1046 -
945 1028 971 1060 4,
993 1028 1010 1054 2
1031 1029 1180 1056 caelestes.

490 1176 555 1207 300.
595 1177 724 1207 sanetus
747 1175 843 1213 „Deus
864 1183 918 1206 ens
939 1176 1129 1214 ingenitus&

162 1264 220 1297 la.
248 1264 390 1297 Sanctus
845 1265 903 1298 lb.
934 1265 1073 1297 Sanetus

248 1311 347 1353 Deus,
373 1321 430 1343 ens
457 1312 633 1352 ingenitus3
938 1312 1033 1353 Deus,
1060 1312 1105 1345 fili
1132 1315 1268 1353 genitus.

157 1389 219 1420 2a.
245 1387 387 1420 Sanctus
836 1388 899 1421 2b.
930 1389 1095 1420 Dominus
1120 1392 1152 1420 et

247 1435 332 1468 Deus
358 1436 525 1474 utriusque
550 1435 699 1475 spiritus;
930 1436 1023 1468 Deus
1050 1437 1163 1476 trinus,
1190 1442 1294 1469 tamen
1321 1439 1440 1476 unicus,

339 1513 370 1545 3.
397 1511 558 1548 Sabaoth‚·
578 1511 681 1551 plena
705 1513 783 1543 sunt
809 1516 840 1543 et
866 1516 955 1543 erant
981 1521 1112 1551 prorsus
1138 1513 1241 1543 omnia

443 1559 573 1591 Moenia
601 1559 751 1591 caelestia

446 1607 548 1638 Simul
573 1611 605 1637 et
631 1606 798 1638 terrestria

398 1653 566 1686 Gloriosae
593 1654 722 1686 deitatis
748 1658 821 1685 tuae
847 1662 968 1686 summa
994 1654 1105 1693 gloria.

334 1731 368 1763 4.
394 1730 570 1768 Hosmma,
598 1729 666 1770 Pie,
693 1739 750 1761 nos
777 1729 928 1768 salvifica,

397 1778 547 1820 salvator,
575 1777 611 1808 in
637 1777 777 1810 excelsis.

224 1853 351 1881 Psalter.
375 1862 428 1880 ms.
442 1853 637 1888 Vigorniense
659 1860 734 1878 saec.
752 1849 794 1878 13.
811 1860 854 1879 ex.
890 1852 958 1880 Cod.
975 1851 1085 1887 Colleg.
1101 1851 1129 1878 S.
1145 1852 1257 1879 Mariae
1271 1853 1462 1889 Magdalenae

144 1893 290 1920 oxonien.
321 1890 383 1919 100.
414 1891 479 1918 add.
508 1898 582 1917 saec.
614 1888 655 1917 15.
682 1904 718 1909 -—
746 1890 802 1917 Mit
822 1890 958 1917 Melodie.
986 1903 1022 1908 —
1052 1890 1108 1921 lb,
1136 1887 1154 1916 2
1180 1890 1222 1918 fili
1247 1891 1326 1918 fehlt.
1348 1905 1384 1911 -—
1407 1893 1461 1919 Die

146 1930 297 1958 Abschrift
311 1931 448 1964 besorgte
460 1928 652 1956 freundlichst
663 1929 733 1956 Rev.
746 1928 784 1955 H.
796 1929 829 1955 A.
843 1928 967 1960 Wilson,
982 1928 1185 1956 Bibliothekar
1195 1929 1245 1956 des
1255 1930 1462 1965 Magdaleneff

144 1968 256 2004 college
277 1970 309 1995 in
332 1967 451 1995 Oxsord.

510 2078 572 2109 301.
614 2079 744 2109 sanctus
768 2076 850 2115 „Lux
871 2079 903 2108 et
923 2078 1106 2118 sapientia“.

157 2172 189 2204 1.
216 2171 368 2209 Sanctus,
849 2167 879 2199 2.
906 2166 1055 2209 Sanctus,

217 2218 288 2250 Lux
316 2220 348 2249 et
374 2215 543 2257 sapientia,
907 2214 997 2247 Aura
1021 2213 1117 2247 flante
1142 2216 1274 2248 caelitus

264 2264 404 2297 omnium
431 2264 580 2304 creatrix,
953 2262 992 2294 ab
1018 2268 1148 2296 aeterno
1176 2264 1237 2304 die,

216 2313 367 2350 Sanctus,
905 2309 1070 2344 Dominus
1094 2311 1185 2343 Deus
1210 2312 1362 2351 Sabaoth,

214 2361 275 2402 Qui
301 2370 336 2393 es
362 2359 517 2401 splendor
541 2358 662 2400 gloriae
906 2357 1027 2391 Perflas
1047 2359 1131 2391 latus
1156 2363 1300 2392 tenerum

266 2412 297 2440 et
323 2407 425 2448 figura
450 2407 562 2449 patris,
953 2407 1084 2446 virginis
1109 2407 1244 2441 Mariae.

1221 2462 1281 2491 21*
