1650 2659
682 159 725 166 -
778 143 842 178 191
893 164 941 169 -

555 261 609 294 134
619 262 646 294 b.
679 263 779 303 Kyrie
803 265 855 303 „ln
876 268 1077 307 praesaepe“.

799 342 821 371 1.

177 407 204 427 a.
223 399 257 426 In
278 406 432 434 praesaepe
853 409 878 429 c.
900 403 972 435 Quis
994 404 1048 430 tibi
1070 413 1147 431 nune

220 437 349 465 Christus
370 437 452 468 iacet,
474 437 525 472 qui
546 437 624 472 regis
643 437 673 469 (l.
695 439 782 474 regit)
898 438 967 475 e[s]t
988 441 1097 468 clamor
1119 445 1305 479 cernentique

217 475 333 503 climata
353 478 456 501 cuncta
475 483 600 510 semper.
899 479 971 505 talia
993 484 1102 507 sensu?

561 542 588 568 b.
610 543 764 578 Sentitque
786 544 845 570 iam

607 583 636 607 et
657 589 781 616 poenam
802 591 890 616 seque
913 584 937 610 is
957 586 1128 619 corporibus

606 623 771 646 concreata.

796 695 822 723 2.

172 760 198 778 a.
217 751 352 778 Cerneret
372 751 461 779 colles
481 754 568 788 atque
850 763 874 781 c.
897 755 1013 782 Christo
1034 756 1191 783 famulatus

214 789 398 825 parvulorum
894 793 1015 829 adeptus
1038 796 1075 820 sit

213 830 307 863 strage
328 829 414 855 iussit
432 828 572 856 funestus.
806 848 807 851 =
895 833 1040 858 insecutor
1062 832 1202 859 Herodes.

606 906 634 933 b.
655 906 733 933 Auro
756 909 826 941 regi,
849 911 912 934 ture
934 909 1005 939 Deo,

658 944 775 972 murrha
797 945 898 972 offerre

663 983 778 1018 sepulto
800 984 898 1019 digne.

171 1122 196 1141 a.
216 1115 322 1141 Nubila
344 1115 449 1141 mentis
470 1114 581 1142 habens
849 1125 873 1143 c.
895 1117 997 1145 Gloria
1018 1127 1123 1153 magno
1147 1119 1223 1152 patri

213 1152 363 1180 clamando
893 1156 1026 1191 prolique

212 1191 317 1227 ubique
339 1199 388 1218 rex
409 1192 459 1226 qui
479 1192 537 1218 viri
805 1202 807 1227 χ
893 1195 931 1220 sit
953 1196 1101 1229 pneumati
1122 1195 1264 1228 aequalis.

606 1269 633 1296 b.
654 1269 768 1296 Pietate
790 1268 909 1302 efflaret,

656 1308 707 1342 qui
728 1305 902 1342 propria[m]

657 1354 715 1372 non
736 1346 883 1372 refraenat
905 1344 1013 1382 ira[m].

531 1475 591 1506 135.
623 1475 722 1514 Kyrie
746 1475 784 1513 „0
806 1475 893 1507 theos
915 1476 1085 1515 ischyros“.

789 1558 819 1588 1.

535 1631 564 1655 a.
591 1622 616 1654 Ο
642 1623 731 1653 theos
757 1622 911 1662 ischyros,

594 1671 647 1709 qui
673 1672 765 1702 sedes
791 1679 888 1710 super
913 1671 1057 1711 polorum

594 1727 690 1757 regna
716 1719 749 1749 in
775 1718 900 1756 throno,
928 1718 1038 1749 laudes

592 1764 736 1796 referunt

592 1812 651 1844 tibi
677 1822 784 1844 omnes
811 1814 923 1845 sancti.

166 1894 196 1929 b.
224 1895 250 1928 O
275 1905 368 1936 quam
393 1897 516 1940 beatus,
851 1908 878 1932 c.
905 1900 999 1939 lmpii
1025 1908 1121 1939 super

222 1947 315 1983 proto
327 1962 373 1967 —
387 1945 567 1986 Stephanus
582 1965 625 1969 —
641 1951 774 1987 martyr,
905 1948 1021 1979 iustum
1047 1947 1172 1987 lapides
1198 1947 1346 1988 mittunt3

221 1993 364 2032 agonista
388 1996 439 2025 ter
462 1994 554 2036 alme,
906 1997 1044 2026 renitens
1070 1995 1154 2026 inter
1178 2003 1284 2026 omnes

219 2042 253 2070 tu
278 2049 390 2081 regnas
905 2047 1064 2084 martyres

217 2087 250 2119 in
274 2088 349 2128 polo
374 2098 500 2129 semper
525 2098 594 2121 cum
620 2090 750 2123 sanctis.
905 2100 1005 2123 novus
1032 2100 1094 2123 non
1120 2089 1252 2130 ambigit
1278 2094 1408 2129 martyr.

787 2178 819 2209 2.

529 2252 558 2276 a.
585 2243 722 2282 Christe,
749 2243 936 2284 redemptor

585 2290 682 2327 orbis,
709 2291 837 2323 trinitas
863 2296 983 2333 sancta,

584 2339 738 2371 immensa
762 2340 921 2378 maiestas,

582 2387 694 2419 laudes
720 2386 864 2420 referunt
889 2387 958 2427 tibi,
985 2396 1106 2420 summa

581 2438 735 2475 potestas,
