<?xml version="1.0" encoding="UTF-8"?>
<!DOCTYPE html PUBLIC "-//W3C//DTD XHTML 1.0 Transitional//EN"
    "http://www.w3.org/TR/xhtml1/DTD/xhtml1-transitional.dtd">
<html xmlns="http://www.w3.org/1999/xhtml" xml:lang="en" lang="en">
 <head>
  <title>
</title>
<meta http-equiv="Content-Type" content="text/html;charset=utf-8" />
  <meta name='ocr-system' content='tesseract 3.04.00' />
  <meta name='ocr-capabilities' content='ocr_page ocr_carea ocr_par ocr_line ocrx_word'/>
</head>
<body>
  <div class='ocr_page' id='page_1' title='image "./analectahymnica47drevuoft_0105.png"; bbox 0 0 1650 2659; ppageno 0'>
   <div class='ocr_carea' id='block_1_1' title="bbox 722 138 979 174">
    <p class='ocr_par' dir='ltr' id='par_1_1' title="bbox 722 138 979 174">
     <span class='ocr_line' id='line_1_1' title="bbox 722 138 979 174; baseline -0.012 0"><span class='ocrx_word' id='word_1_1' title='bbox 722 138 979 174; x_wconf 62' lang='grc' dir='ltr'><strong>-102-μ</strong></span> 
     </span>
    </p>
   </div>
   <div class='ocr_carea' id='block_1_2' title="bbox 572 277 1126 318">
    <p class='ocr_par' dir='ltr' id='par_1_2' title="bbox 572 277 1126 318">
     <span class='ocr_line' id='line_1_2' title="bbox 572 277 1126 318; baseline -0.004 -7"><span class='ocrx_word' id='word_1_2' title='bbox 572 281 616 312; x_wconf 89' lang='grc'><strong>37.</strong></span> <span class='ocrx_word' id='word_1_3' title='bbox 657 278 754 318; x_wconf 63' lang='lat' dir='ltr'><strong>Kyrie</strong></span> <span class='ocrx_word' id='word_1_4' title='bbox 777 277 916 316; x_wconf 76' lang='lat' dir='ltr'><strong>„Clu-iste</strong></span> <span class='ocrx_word' id='word_1_5' title='bbox 937 277 985 309; x_wconf 84' lang='lat' dir='ltr'><strong>cui</strong></span> <span class='ocrx_word' id='word_1_6' title='bbox 1007 277 1126 309; x_wconf 79' lang='lat' dir='ltr'><strong>deeus“.</strong></span> 
     </span>
    </p>
   </div>
   <div class='ocr_carea' id='block_1_3' title="bbox 209 434 1436 667">
    <p class='ocr_par' dir='ltr' id='par_1_3' title="bbox 209 434 1436 667">
     <span class='ocr_line' id='line_1_3' title="bbox 209 434 1299 479; baseline -0.002 -10"><span class='ocrx_word' id='word_1_7' title='bbox 209 448 241 472; x_wconf 78' lang='lat' dir='ltr'><strong>a.</strong></span> <span class='ocrx_word' id='word_1_8' title='bbox 268 437 403 479; x_wconf 80' lang='lat' dir='ltr'>Christe,</span> <span class='ocrx_word' id='word_1_9' title='bbox 431 438 479 468; x_wconf 93' lang='lat' dir='ltr'><strong>cui</strong></span> <span class='ocrx_word' id='word_1_10' title='bbox 506 437 613 478; x_wconf 88' lang='lat' dir='ltr'><strong>decus,</strong></span> <span class='ocrx_word' id='word_1_11' title='bbox 892 444 919 468; x_wconf 89' lang='lat' dir='ltr'><strong>c.</strong></span> <span class='ocrx_word' id='word_1_12' title='bbox 946 434 1023 466; x_wconf 89' lang='lat' dir='ltr'><strong>Cum</strong></span> <span class='ocrx_word' id='word_1_13' title='bbox 1051 440 1160 467; x_wconf 76' lang='lat' dir='ltr'><strong>sancto</strong></span> <span class='ocrx_word' id='word_1_14' title='bbox 1185 435 1299 475; x_wconf 89' lang='lat' dir='ltr'><strong>spiritu</strong></span> 
     </span>
     <span class='ocr_line' id='line_1_4' title="bbox 265 483 1146 516; baseline -0.003 0"><span class='ocrx_word' id='word_1_15' title='bbox 265 485 296 516; x_wconf 92' lang='lat' dir='ltr'><strong>in</strong></span> <span class='ocrx_word' id='word_1_16' title='bbox 323 493 433 516; x_wconf 82' lang='lat' dir='ltr'><strong>aevum</strong></span> <span class='ocrx_word' id='word_1_17' title='bbox 460 493 528 515; x_wconf 86' lang='lat' dir='ltr'><strong>cum</strong></span> <span class='ocrx_word' id='word_1_18' title='bbox 945 483 1032 514; x_wconf 87' lang='lat' dir='ltr'><strong>Deus</strong></span> <span class='ocrx_word' id='word_1_19' title='bbox 1058 483 1146 514; x_wconf 84' lang='lat' dir='ltr'><strong>vivus</strong></span> 
     </span>
     <span class='ocr_line' id='line_1_5' title="bbox 265 522 1436 572; baseline -0.001 -9"><span class='ocrx_word' id='word_1_20' title='bbox 265 535 357 572; x_wconf 86' lang='lat' dir='ltr'><strong>patre</strong></span> <span class='ocrx_word' id='word_1_21' title='bbox 383 541 521 570; x_wconf 84' lang='lat' dir='ltr'><strong>maneus,</strong></span> <span class='ocrx_word' id='word_1_22' title='bbox 548 531 652 562; x_wconf 87' lang='lat' dir='ltr'><strong>omnia</strong></span> <span class='ocrx_word' id='word_1_23' title='bbox 677 530 729 570; x_wconf 90' lang='lat' dir='ltr'><strong>qui</strong></span> <span class='ocrx_word' id='word_1_24' title='bbox 846 522 848 551; x_wconf 70' lang='grc' dir='ltr'><strong>Ῑ</strong></span> <span class='ocrx_word' id='word_1_25' title='bbox 949 535 978 562; x_wconf 82' lang='lat' dir='ltr'><strong>et</strong></span> <span class='ocrx_word' id='word_1_26' title='bbox 1006 539 1108 567; x_wconf 82' lang='lat' dir='ltr'><strong>verus,</strong></span> <span class='ocrx_word' id='word_1_27' title='bbox 1135 539 1322 570; x_wconf 86' lang='lat' dir='ltr'><strong>permanens</strong></span> <span class='ocrx_word' id='word_1_28' title='bbox 1347 540 1436 571; x_wconf 88' lang='lat' dir='ltr'><strong>unus,</strong></span> 
     </span>
     <span class='ocr_line' id='line_1_6' title="bbox 266 554 1357 619; baseline 0 -9"><span class='ocrx_word' id='word_1_29' title='bbox 266 578 354 610; x_wconf 84' lang='lat' dir='ltr'><strong>foves</strong></span> <span class='ocrx_word' id='word_1_30' title='bbox 380 583 411 610; x_wconf 83' lang='lat' dir='ltr'><strong>et</strong></span> <span class='ocrx_word' id='word_1_31' title='bbox 437 582 548 610; x_wconf 81' lang='lat' dir='ltr'><strong>cuncta</strong></span> <span class='ocrx_word' id='word_1_32' title='bbox 574 578 666 619; x_wconf 86' lang='lat' dir='ltr'><strong>regis,</strong></span> <span class='ocrx_word' id='word_1_33' title='bbox 845 554 848 600; x_wconf 61' lang='lat'>1</span> <span class='ocrx_word' id='word_1_34' title='bbox 948 586 1016 609; x_wconf 86' lang='lat' dir='ltr'><strong>cum</strong></span> <span class='ocrx_word' id='word_1_35' title='bbox 1043 581 1134 617; x_wconf 85' lang='lat' dir='ltr'><strong>patre</strong></span> <span class='ocrx_word' id='word_1_36' title='bbox 1162 582 1357 616; x_wconf 79' lang='lat' dir='ltr'><strong>coaeternuS,</strong></span> 
     </span>
     <span class='ocr_line' id='line_1_7' title="bbox 312 625 1248 667; baseline 0 -9"><span class='ocrx_word' id='word_1_37' title='bbox 312 627 414 667; x_wconf 77' lang='lat' dir='ltr'><strong>Kyrie</strong></span> <span class='ocrx_word' id='word_1_38' title='bbox 440 626 567 658; x_wconf 73' lang='lat' dir='ltr'><strong>eleison.</strong></span> <span class='ocrx_word' id='word_1_39' title='bbox 994 625 1096 665; x_wconf 80' lang='lat' dir='ltr'><strong>Kyrie</strong></span> <span class='ocrx_word' id='word_1_40' title='bbox 1123 625 1248 658; x_wconf 75' lang='lat' dir='ltr'><strong>eleison.</strong></span> 
     </span>
    </p>
   </div>
   <div class='ocr_carea' id='block_1_4' title="bbox 587 710 1081 893">
    <p class='ocr_par' dir='ltr' id='par_1_4' title="bbox 587 710 1081 893">
     <span class='ocr_line' id='line_1_8' title="bbox 587 710 958 750; baseline 0 -8"><span class='ocrx_word' id='word_1_41' title='bbox 587 711 617 742; x_wconf 91' lang='lat' dir='ltr'><strong>b.</strong></span> <span class='ocrx_word' id='word_1_42' title='bbox 646 711 732 742; x_wconf 89' lang='lat' dir='ltr'><strong>Nutu</strong></span> <span class='ocrx_word' id='word_1_43' title='bbox 759 710 900 750; x_wconf 82' lang='lat' dir='ltr'><strong>parentis</strong></span> <span class='ocrx_word' id='word_1_44' title='bbox 926 711 958 742; x_wconf 89' lang='lat' dir='ltr'><strong>in</strong></span> 
     </span>
     <span class='ocr_line' id='line_1_9' title="bbox 647 759 810 798; baseline -0.006 -8"><span class='ocrx_word' id='word_1_45' title='bbox 647 768 720 790; x_wconf 79' lang='lat' dir='ltr'><strong>arce</strong></span> <span class='ocrx_word' id='word_1_46' title='bbox 747 759 810 798; x_wconf 84' lang='lat' dir='ltr'><strong>poli</strong></span> 
     </span>
     <span class='ocr_line' id='line_1_10' title="bbox 648 809 1081 847; baseline 0 -11"><span class='ocrx_word' id='word_1_47' title='bbox 648 815 793 846; x_wconf 82' lang='lat' dir='ltr'><strong>regnans,</strong></span> <span class='ocrx_word' id='word_1_48' title='bbox 822 810 934 837; x_wconf 83' lang='lat' dir='ltr'><strong>cuncta</strong></span> <span class='ocrx_word' id='word_1_49' title='bbox 959 809 1081 847; x_wconf 85' lang='lat' dir='ltr'><strong>potens,</strong></span> 
     </span>
     <span class='ocr_line' id='line_1_11' title="bbox 693 853 945 893; baseline 0 -8"><span class='ocrx_word' id='word_1_50' title='bbox 693 853 795 893; x_wconf 74' lang='lat' dir='ltr'><strong>Kyrie</strong></span> <span class='ocrx_word' id='word_1_51' title='bbox 820 853 945 886; x_wconf 79' lang='lat' dir='ltr'><strong>eleison.</strong></span> 
     </span>
    </p>
   </div>
   <div class='ocr_carea' id='block_1_5' title="bbox 835 951 867 981">
    <p class='ocr_par' dir='ltr' id='par_1_5' title="bbox 835 951 867 981">
     <span class='ocr_line' id='line_1_12' title="bbox 835 951 867 981; textangle 90"><span class='ocrx_word' id='word_1_52' title='bbox 835 951 867 981; x_wconf 60' lang='grc' dir='ltr'><strong>ξύ</strong></span> 
     </span>
    </p>
   </div>
   <div class='ocr_carea' id='block_1_6' title="bbox 210 1013 1414 1199">
    <p class='ocr_par' dir='ltr' id='par_1_6' title="bbox 210 1013 1414 1151">
     <span class='ocr_line' id='line_1_13' title="bbox 210 1013 1379 1056; baseline -0.002 -9"><span class='ocrx_word' id='word_1_53' title='bbox 210 1025 239 1049; x_wconf 82' lang='lat' dir='ltr'><strong>a.</strong></span> <span class='ocrx_word' id='word_1_54' title='bbox 267 1015 439 1054; x_wconf 87' lang='lat' dir='ltr'><strong>Angelicae</strong></span> <span class='ocrx_word' id='word_1_55' title='bbox 463 1014 622 1046; x_wconf 83' lang='lat' dir='ltr'><strong>subiectae</strong></span> <span class='ocrx_word' id='word_1_56' title='bbox 894 1024 919 1048; x_wconf 79' lang='lat' dir='ltr'><strong>c,</strong></span> <span class='ocrx_word' id='word_1_57' title='bbox 948 1016 1022 1054; x_wconf 81' lang='lat' dir='ltr'><strong>luge</strong></span> <span class='ocrx_word' id='word_1_58' title='bbox 1049 1024 1117 1046; x_wconf 79' lang='lat' dir='ltr'><strong>cum</strong></span> <span class='ocrx_word' id='word_1_59' title='bbox 1143 1015 1261 1046; x_wconf 86' lang='lat' dir='ltr'><strong>sanctis</strong></span> <span class='ocrx_word' id='word_1_60' title='bbox 1289 1013 1379 1056; x_wconf 81' lang='lat' dir='ltr'><strong>[tuis]</strong></span> 
     </span>
     <span class='ocr_line' id='line_1_14' title="bbox 266 1062 1414 1102; baseline 0.001 -10"><span class='ocrx_word' id='word_1_61' title='bbox 266 1062 398 1093; x_wconf 82' lang='lat' dir='ltr'><strong>virtutes</strong></span> <span class='ocrx_word' id='word_1_62' title='bbox 423 1065 594 1093; x_wconf 83' lang='lat' dir='ltr'><strong>trementes</strong></span> <span class='ocrx_word' id='word_1_63' title='bbox 620 1066 650 1093; x_wconf 87' lang='lat' dir='ltr'><strong>te</strong></span> <span class='ocrx_word' id='word_1_64' title='bbox 947 1063 1067 1093; x_wconf 78' lang='lat' dir='ltr'><strong>cunctis</strong></span> <span class='ocrx_word' id='word_1_65' title='bbox 1092 1067 1297 1102; x_wconf 84' lang='lat' dir='ltr'><strong>perstrepunt</strong></span> <span class='ocrx_word' id='word_1_66' title='bbox 1323 1063 1414 1094; x_wconf 88' lang='lat' dir='ltr'><strong>simul</strong></span> 
     </span>
     <span class='ocr_line' id='line_1_15' title="bbox 264 1108 1286 1151; baseline 0 -11"><span class='ocrx_word' id='word_1_67' title='bbox 264 1109 398 1140; x_wconf 78' lang='lat' dir='ltr'><strong>laudant</strong></span> <span class='ocrx_word' id='word_1_68' title='bbox 423 1113 455 1139; x_wconf 73' lang='lat' dir='ltr'><strong>et</strong></span> <span class='ocrx_word' id='word_1_69' title='bbox 479 1109 625 1143; x_wconf 76' lang='lat' dir='ltr'><strong>adorant.</strong></span> <span class='ocrx_word' id='word_1_70' title='bbox 844 1108 846 1140; x_wconf 65' lang='grc' dir='ltr'><strong>Ι,</strong></span> <span class='ocrx_word' id='word_1_71' title='bbox 945 1119 1064 1149; x_wconf 79' lang='lat' dir='ltr'><strong>organa</strong></span> <span class='ocrx_word' id='word_1_72' title='bbox 1089 1118 1146 1149; x_wconf 82' lang='lat' dir='ltr'><strong>per</strong></span> <span class='ocrx_word' id='word_1_73' title='bbox 1171 1110 1286 1151; x_wconf 77' lang='lat' dir='ltr'><strong>saecla,</strong></span> 
     </span>
    </p>

    <p class='ocr_par' dir='ltr' id='par_1_7' title="bbox 312 1141 1270 1199">
     <span class='ocr_line' id='line_1_16' title="bbox 312 1141 1270 1199; baseline 0.002 -11"><span class='ocrx_word' id='word_1_74' title='bbox 312 1155 435 1188; x_wconf 73' lang='lat' dir='ltr'><strong>Christe</strong></span> <span class='ocrx_word' id='word_1_75' title='bbox 461 1156 586 1189; x_wconf 72' lang='lat' dir='ltr'><strong>eleison.</strong></span> <span class='ocrx_word' id='word_1_76' title='bbox 842 1141 846 1199; x_wconf 63' lang='grc' dir='ltr'>Ι</span> <span class='ocrx_word' id='word_1_77' title='bbox 994 1156 1118 1189; x_wconf 71' lang='lat' dir='ltr'><strong>Christe</strong></span> <span class='ocrx_word' id='word_1_78' title='bbox 1143 1157 1270 1190; x_wconf 75' lang='lat' dir='ltr'><strong>eleison.</strong></span> 
     </span>
    </p>
   </div>
   <div class='ocr_carea' id='block_1_7' title="bbox 844 1015 850 1104">
    <p class='ocr_par' dir='ltr' id='par_1_8' title="bbox 844 1015 850 1104">
     <span class='ocr_line' id='line_1_17' title="bbox 844 1015 850 1104; baseline 0 1555"><span class='ocrx_word' id='word_1_79' title='bbox 844 1015 850 1104; x_wconf 95' lang='lat' dir='ltr'><strong> </strong></span> 
     </span>
    </p>
   </div>
   <div class='ocr_carea' id='block_1_8' title="bbox 597 1251 1069 1433">
    <p class='ocr_par' dir='ltr' id='par_1_9' title="bbox 597 1251 1069 1433">
     <span class='ocr_line' id='line_1_18' title="bbox 597 1251 982 1291; baseline 0 -9"><span class='ocrx_word' id='word_1_80' title='bbox 597 1251 625 1283; x_wconf 92' lang='lat' dir='ltr'><strong>b.</strong></span> <span class='ocrx_word' id='word_1_81' title='bbox 654 1251 830 1291; x_wconf 87' lang='lat' dir='ltr'>Tropaeum</span> <span class='ocrx_word' id='word_1_82' title='bbox 857 1251 982 1282; x_wconf 80' lang='lat' dir='ltr'><strong>virtutis</strong></span> 
     </span>
     <span class='ocr_line' id='line_1_19' title="bbox 652 1299 1069 1337; baseline 0.002 -8"><span class='ocrx_word' id='word_1_83' title='bbox 652 1302 734 1334; x_wconf 83' lang='lat' dir='ltr'><strong>tuae,</strong></span> <span class='ocrx_word' id='word_1_84' title='bbox 761 1299 852 1335; x_wconf 76' lang='lat' dir='ltr'><strong>alme.</strong></span> <span class='ocrx_word' id='word_1_85' title='bbox 882 1307 938 1337; x_wconf 88' lang='lat' dir='ltr'><strong>per</strong></span> <span class='ocrx_word' id='word_1_86' title='bbox 965 1300 1069 1330; x_wconf 75' lang='lat' dir='ltr'><strong>saecla</strong></span> 
     </span>
     <span class='ocr_line' id='line_1_20' title="bbox 650 1346 1048 1386; baseline 0.003 -10"><span class='ocrx_word' id='word_1_87' title='bbox 650 1346 765 1385; x_wconf 82' lang='lat' dir='ltr'><strong>iugiter</strong></span> <span class='ocrx_word' id='word_1_88' title='bbox 790 1350 883 1386; x_wconf 61' lang='lat' dir='ltr'><strong>¹&lt;itque</strong></span> <span class='ocrx_word' id='word_1_89' title='bbox 909 1355 1048 1385; x_wconf 84' lang='lat' dir='ltr'><strong>perenne</strong></span> 
     </span>
     <span class='ocr_line' id='line_1_21' title="bbox 650 1393 1054 1433; baseline 0.007 -10"><span class='ocrx_word' id='word_1_90' title='bbox 650 1397 750 1433; x_wconf 77' lang='lat' dir='ltr'><strong>sonat,</strong></span> <span class='ocrx_word' id='word_1_91' title='bbox 780 1393 904 1425; x_wconf 78' lang='lat' dir='ltr'><strong><em>Christe</em></strong></span> <span class='ocrx_word' id='word_1_92' title='bbox 930 1394 1054 1426; x_wconf 78' lang='lat' dir='ltr'><strong>eleison.</strong></span> 
     </span>
    </p>
   </div>
   <div class='ocr_carea' id='block_1_9' title="bbox 205 1490 1295 1972">
    <p class='ocr_par' dir='ltr' id='par_1_10' title="bbox 826 1490 858 1521">
     <span class='ocr_line' id='line_1_22' title="bbox 826 1490 858 1521; baseline 0 0"><span class='ocrx_word' id='word_1_93' title='bbox 826 1490 858 1521; x_wconf 83' lang='lat'><strong>3.</strong></span> 
     </span>
    </p>

    <p class='ocr_par' dir='ltr' id='par_1_11' title="bbox 205 1552 1295 1688">
     <span class='ocr_line' id='line_1_23' title="bbox 205 1552 1212 1592; baseline 0.003 -8"><span class='ocrx_word' id='word_1_94' title='bbox 205 1562 233 1586; x_wconf 81' lang='lat' dir='ltr'><strong>a.</strong></span> <span class='ocrx_word' id='word_1_95' title='bbox 261 1552 298 1583; x_wconf 90' lang='lat' dir='ltr'><strong>In</strong></span> <span class='ocrx_word' id='word_1_96' title='bbox 324 1560 404 1592; x_wconf 85' lang='lat' dir='ltr'><strong>quae</strong></span> <span class='ocrx_word' id='word_1_97' title='bbox 430 1553 558 1592; x_wconf 77' lang='lat' dir='ltr'><strong>ruimus,</strong></span> <span class='ocrx_word' id='word_1_98' title='bbox 886 1554 916 1587; x_wconf 89' lang='lat' dir='ltr'><strong>b.</strong></span> <span class='ocrx_word' id='word_1_99' title='bbox 943 1555 1043 1588; x_wconf 76' lang='lat' dir='ltr'><strong>Nobis</strong></span> <span class='ocrx_word' id='word_1_100' title='bbox 1068 1555 1212 1587; x_wconf 90' lang='lat' dir='ltr'><strong>omnibus</strong></span> 
     </span>
     <span class='ocr_line' id='line_1_24' title="bbox 261 1598 1295 1642; baseline 0.004 -12"><span class='ocrx_word' id='word_1_101' title='bbox 261 1598 405 1631; x_wconf 78' lang='lat' dir='ltr'><strong>facinora</strong></span> <span class='ocrx_word' id='word_1_102' title='bbox 429 1600 586 1641; x_wconf 73' lang='lat' dir='ltr'>absterge,</span> <span class='ocrx_word' id='word_1_103' title='bbox 942 1603 1091 1642; x_wconf 84' lang='lat' dir='ltr'><strong>precibus</strong></span> <span class='ocrx_word' id='word_1_104' title='bbox 1116 1607 1295 1634; x_wconf 82' lang='lat' dir='ltr'><strong>sanctorum</strong></span> 
     </span>
     <span class='ocr_line' id='line_1_25' title="bbox 260 1647 1236 1688; baseline 0.004 -11"><span class='ocrx_word' id='word_1_105' title='bbox 260 1647 401 1686; x_wconf 86' lang='lat' dir='ltr'><strong>piissime</strong></span> <span class='ocrx_word' id='word_1_106' title='bbox 428 1647 562 1688; x_wconf 85' lang='lat' dir='ltr'><strong>Christe,</strong></span> <span class='ocrx_word' id='word_1_107' title='bbox 943 1657 1065 1681; x_wconf 86' lang='lat' dir='ltr'><strong>tuorum</strong></span> <span class='ocrx_word' id='word_1_108' title='bbox 1093 1650 1236 1686; x_wconf 79' lang='lat' dir='ltr'><strong>subveni,</strong></span> 
     </span>
    </p>

    <p class='ocr_par' dir='ltr' id='par_1_12' title="bbox 304 1694 1242 1738">
     <span class='ocr_line' id='line_1_26' title="bbox 304 1694 1242 1738; baseline 0.004 -13"><span class='ocrx_word' id='word_1_109' title='bbox 304 1694 407 1735; x_wconf 73' lang='lat' dir='ltr'><strong>Kyrie</strong></span> <span class='ocrx_word' id='word_1_110' title='bbox 432 1695 558 1727; x_wconf 79' lang='lat' dir='ltr'><strong>eleison.</strong></span> <span class='ocrx_word' id='word_1_111' title='bbox 987 1698 1090 1738; x_wconf 79' lang='lat' dir='ltr'><strong>Kyrie</strong></span> <span class='ocrx_word' id='word_1_112' title='bbox 1115 1697 1242 1730; x_wconf 77' lang='lat' dir='ltr'><strong>eleison.</strong></span> 
     </span>
    </p>

    <p class='ocr_par' dir='ltr' id='par_1_13' title="bbox 205 1788 1229 1924">
     <span class='ocr_line' id='line_1_27' title="bbox 205 1788 1140 1831; baseline 0.003 -10"><span class='ocrx_word' id='word_1_113' title='bbox 205 1798 231 1821; x_wconf 90' lang='lat' dir='ltr'><strong>c.</strong></span> <span class='ocrx_word' id='word_1_114' title='bbox 259 1788 457 1820; x_wconf 81' lang='lat' dir='ltr'><strong>Postulamus</strong></span> <span class='ocrx_word' id='word_1_115' title='bbox 881 1792 912 1825; x_wconf 92' lang='lat' dir='ltr'><strong>d.</strong></span> <span class='ocrx_word' id='word_1_116' title='bbox 938 1792 1058 1831; x_wconf 84' lang='lat' dir='ltr'><strong>Copula</strong></span> <span class='ocrx_word' id='word_1_117' title='bbox 1083 1801 1140 1824; x_wconf 85' lang='lat' dir='ltr'><strong>nos</strong></span> 
     </span>
     <span class='ocr_line' id='line_1_28' title="bbox 259 1836 1229 1880; baseline 0.005 -13"><span class='ocrx_word' id='word_1_118' title='bbox 259 1838 302 1876; x_wconf 80' lang='lat' dir='ltr'><strong>te,</strong></span> <span class='ocrx_word' id='word_1_119' title='bbox 328 1836 472 1873; x_wconf 87' lang='lat' dir='ltr'><strong>Domine,</strong></span> <span class='ocrx_word' id='word_1_120' title='bbox 498 1846 576 1868; x_wconf 84' lang='lat' dir='ltr'><strong>voce</strong></span> <span class='ocrx_word' id='word_1_121' title='bbox 937 1844 992 1872; x_wconf 76' lang='lat' dir='ltr'><strong>ma</strong></span> <span class='ocrx_word' id='word_1_122' title='bbox 1017 1841 1120 1880; x_wconf 77' lang='lat' dir='ltr'><strong>gratia</strong></span> <span class='ocrx_word' id='word_1_123' title='bbox 1144 1849 1229 1872; x_wconf 79' lang='lat' dir='ltr'><strong>nune</strong></span> 
     </span>
     <span class='ocr_line' id='line_1_29' title="bbox 260 1883 1180 1924; baseline 0.005 -10"><span class='ocrx_word' id='word_1_124' title='bbox 260 1883 347 1915; x_wconf 83' lang='lat' dir='ltr'><strong>clara</strong></span> <span class='ocrx_word' id='word_1_125' title='bbox 371 1885 546 1924; x_wconf 83' lang='lat' dir='ltr'><strong>pangimus,</strong></span> <span class='ocrx_word' id='word_1_126' title='bbox 939 1892 969 1919; x_wconf 91' lang='lat' dir='ltr'><strong>et</strong></span> <span class='ocrx_word' id='word_1_127' title='bbox 994 1887 1026 1918; x_wconf 90' lang='lat' dir='ltr'><strong>in</strong></span> <span class='ocrx_word' id='word_1_128' title='bbox 1051 1887 1180 1919; x_wconf 84' lang='lat' dir='ltr'><strong>saecula</strong></span> 
     </span>
    </p>

    <p class='ocr_par' dir='ltr' id='par_1_14' title="bbox 303 1931 1112 1972">
     <span class='ocr_line' id='line_1_30' title="bbox 303 1931 1112 1972; baseline 0.006 -10"><span class='ocrx_word' id='word_1_129' title='bbox 303 1931 406 1972; x_wconf 80' lang='lat' dir='ltr'><strong>Kyrie</strong></span> <span class='ocrx_word' id='word_1_130' title='bbox 431 1931 559 1964; x_wconf 75' lang='lat' dir='ltr'><strong>eleison.</strong></span> <span class='ocrx_word' id='word_1_131' title='bbox 982 1934 1112 1968; x_wconf 78' lang='lat' dir='ltr'><strong>eleison.</strong></span> 
     </span>
    </p>
   </div>
   <div class='ocr_carea' id='block_1_10' title="bbox 584 2027 1058 2211">
    <p class='ocr_par' dir='ltr' id='par_1_15' title="bbox 584 2027 1058 2211">
     <span class='ocr_line' id='line_1_31' title="bbox 584 2027 954 2071; baseline 0.005 -12"><span class='ocrx_word' id='word_1_132' title='bbox 584 2036 610 2060; x_wconf 88' lang='lat' dir='ltr'><strong>e.</strong></span> <span class='ocrx_word' id='word_1_133' title='bbox 638 2027 774 2068; x_wconf 85' lang='lat' dir='ltr'><strong>Christe,</strong></span> <span class='ocrx_word' id='word_1_134' title='bbox 801 2029 954 2071; x_wconf 87' lang='lat' dir='ltr'><strong>remissio,</strong></span> 
     </span>
     <span class='ocr_line' id='line_1_32' title="bbox 639 2075 1047 2117; baseline 0.007 -11"><span class='ocrx_word' id='word_1_135' title='bbox 639 2085 696 2106; x_wconf 90' lang='lat' dir='ltr'><strong>nos</strong></span> <span class='ocrx_word' id='word_1_136' title='bbox 720 2075 805 2115; x_wconf 82' lang='lat' dir='ltr'><strong>fove,</strong></span> <span class='ocrx_word' id='word_1_137' title='bbox 831 2078 1047 2117; x_wconf 79' lang='lat' dir='ltr'><strong>peccaminum</strong></span> 
     </span>
     <span class='ocr_line' id='line_1_33' title="bbox 640 2122 1058 2160; baseline 0.01 -7"><span class='ocrx_word' id='word_1_138' title='bbox 640 2122 672 2153; x_wconf 93' lang='lat' dir='ltr'><strong>in</strong></span> <span class='ocrx_word' id='word_1_139' title='bbox 698 2125 824 2156; x_wconf 85' lang='lat' dir='ltr'><strong>saecula</strong></span> <span class='ocrx_word' id='word_1_140' title='bbox 849 2125 1058 2160; x_wconf 83' lang='lat' dir='ltr'><strong>saeculorum.</strong></span> 
     </span>
     <span class='ocr_line' id='line_1_34' title="bbox 639 2171 908 2211; baseline 0.007 -10"><span class='ocrx_word' id='word_1_141' title='bbox 639 2171 752 2211; x_wconf 80' lang='lat' dir='ltr'><strong>Amen,</strong></span> <span class='ocrx_word' id='word_1_142' title='bbox 779 2172 908 2205; x_wconf 77' lang='lat' dir='ltr'><strong>eleison.</strong></span> 
     </span>
    </p>
   </div>
   <div class='ocr_carea' id='block_1_11' title="bbox 183 2262 1502 2454">
    <p class='ocr_par' dir='ltr' id='par_1_16' title="bbox 183 2262 1502 2454">
     <span class='ocr_line' id='line_1_35' title="bbox 268 2262 1500 2302; baseline 0.003 -14"><span class='ocrx_word' id='word_1_143' title='bbox 268 2262 355 2298; x_wconf 87' lang='lat' dir='ltr'><strong>Trop.</strong></span> <span class='ocrx_word' id='word_1_144' title='bbox 382 2272 433 2289; x_wconf 85' lang='lat' dir='ltr'><strong>ms.</strong></span> <span class='ocrx_word' id='word_1_145' title='bbox 455 2264 639 2291; x_wconf 85' lang='lat' dir='ltr'><strong>Bononiense</strong></span> <span class='ocrx_word' id='word_1_146' title='bbox 658 2265 693 2297; x_wconf 67' lang='lat'><strong>(22)</strong></span> <span class='ocrx_word' id='word_1_147' title='bbox 712 2275 786 2294; x_wconf 86' lang='lat' dir='ltr'><strong>saec.</strong></span> <span class='ocrx_word' id='word_1_148' title='bbox 810 2265 853 2294; x_wconf 94' lang='lat'><strong>11.</strong></span> <span class='ocrx_word' id='word_1_149' title='bbox 894 2267 964 2295; x_wconf 82' lang='lat' dir='ltr'><strong>Cod.</strong></span> <span class='ocrx_word' id='word_1_150' title='bbox 985 2267 1114 2302; x_wconf 86' lang='lat' dir='ltr'><strong>Angelic.</strong></span> <span class='ocrx_word' id='word_1_151' title='bbox 1137 2264 1190 2294; x_wconf 88' lang='grc'><strong>123</strong></span> <span class='ocrx_word' id='word_1_152' title='bbox 1209 2266 1244 2300; x_wconf 89' lang='grc' dir='ltr'><strong>(Β</strong></span> <span class='ocrx_word' id='word_1_153' title='bbox 1263 2266 1309 2293; x_wconf 92' lang='lat'><strong>111</strong></span> <span class='ocrx_word' id='word_1_154' title='bbox 1333 2262 1386 2298; x_wconf 88' lang='lat'>18).</span> <span class='ocrx_word' id='word_1_155' title='bbox 1407 2266 1440 2292; x_wconf 89' lang='lat' dir='ltr'><strong>A.</strong></span> <span class='ocrx_word' id='word_1_156' title='bbox 1462 2280 1500 2284; x_wconf 88' lang='lat'><strong>-—</strong></span> 
     </span>
     <span class='ocr_line' id='line_1_36' title="bbox 189 2301 1500 2337; baseline 0.007 -12"><span class='ocrx_word' id='word_1_157' title='bbox 189 2301 277 2337; x_wconf 84' lang='lat' dir='ltr'><strong>Trop.</strong></span> <span class='ocrx_word' id='word_1_158' title='bbox 304 2310 357 2328; x_wconf 88' lang='lat' dir='ltr'><strong>ms.</strong></span> <span class='ocrx_word' id='word_1_159' title='bbox 385 2301 578 2335; x_wconf 78' lang='lat' dir='ltr'><strong>Aretinum(?)</strong></span> <span class='ocrx_word' id='word_1_160' title='bbox 604 2310 678 2330; x_wconf 75' lang='lat' dir='ltr'><strong>saec.</strong></span> <span class='ocrx_word' id='word_1_161' title='bbox 707 2303 751 2331; x_wconf 94' lang='grc'><strong>11.</strong></span> <span class='ocrx_word' id='word_1_162' title='bbox 791 2305 861 2332; x_wconf 91' lang='lat' dir='ltr'><strong>Cod.</strong></span> <span class='ocrx_word' id='word_1_163' title='bbox 888 2304 1074 2333; x_wconf 78' lang='lat' dir='ltr'><strong>vallicellan.</strong></span> <span class='ocrx_word' id='word_1_164' title='bbox 1101 2304 1124 2331; x_wconf 90' lang='lat' dir='ltr'><strong>C</strong></span> <span class='ocrx_word' id='word_1_165' title='bbox 1148 2302 1194 2331; x_wconf 86' lang='lat'><strong>52.</strong></span> <span class='ocrx_word' id='word_1_166' title='bbox 1222 2304 1256 2332; x_wconf 90' lang='grc' dir='ltr'><strong>Β.</strong></span> <span class='ocrx_word' id='word_1_167' title='bbox 1282 2319 1320 2322; x_wconf 89' lang='grc'>-</span> <span class='ocrx_word' id='word_1_168' title='bbox 1341 2302 1396 2337; x_wconf 82' lang='lat' dir='ltr'><strong>la,</strong></span> <span class='ocrx_word' id='word_1_169' title='bbox 1425 2302 1442 2330; x_wconf 77' lang='grc'>2</span> <span class='ocrx_word' id='word_1_170' title='bbox 1469 2305 1500 2331; x_wconf 85' lang='lat' dir='ltr'><strong>in</strong></span> 
     </span>
     <span class='ocr_line' id='line_1_37' title="bbox 186 2337 1500 2380; baseline 0.008 -14"><span class='ocrx_word' id='word_1_171' title='bbox 186 2348 259 2367; x_wconf 87' lang='lat' dir='ltr'><strong>aevo</strong></span> <span class='ocrx_word' id='word_1_172' title='bbox 289 2339 323 2366; x_wconf 72' lang='lat' dir='ltr'><strong>A,</strong></span> <span class='ocrx_word' id='word_1_173' title='bbox 350 2353 386 2358; x_wconf 89' lang='lat'><em>-</em></span> <span class='ocrx_word' id='word_1_174' title='bbox 412 2337 465 2372; x_wconf 86' lang='lat' dir='ltr'><strong>la,</strong></span> <span class='ocrx_word' id='word_1_175' title='bbox 493 2337 511 2368; x_wconf 85' lang='lat'><strong>3</strong></span> <span class='ocrx_word' id='word_1_176' title='bbox 537 2342 692 2377; x_wconf 84' lang='lat' dir='ltr'><strong>omniaque</strong></span> <span class='ocrx_word' id='word_1_177' title='bbox 709 2343 734 2370; x_wconf 89' lang='lat' dir='ltr'>A</span> <span class='ocrx_word' id='word_1_178' title='bbox 754 2343 787 2369; x_wconf 91' lang='lat' dir='ltr'><strong>B.</strong></span> <span class='ocrx_word' id='word_1_179' title='bbox 810 2358 848 2362; x_wconf 84' lang='lat'>—</span> <span class='ocrx_word' id='word_1_180' title='bbox 871 2341 927 2378; x_wconf 84' lang='lat' dir='ltr'><strong>la,</strong></span> <span class='ocrx_word' id='word_1_181' title='bbox 954 2343 973 2372; x_wconf 88' lang='lat'>4</span> <span class='ocrx_word' id='word_1_182' title='bbox 998 2351 1103 2380; x_wconf 81' lang='lat' dir='ltr'><strong>regnas</strong></span> <span class='ocrx_word' id='word_1_183' title='bbox 1124 2342 1159 2369; x_wconf 82' lang='lat' dir='ltr'><strong>A.</strong></span> <span class='ocrx_word' id='word_1_184' title='bbox 1179 2357 1215 2361; x_wconf 97' lang='lat'><strong>—</strong></span> <span class='ocrx_word' id='word_1_185' title='bbox 1240 2341 1295 2375; x_wconf 84' lang='lat' dir='ltr'><strong>lb,</strong></span> <span class='ocrx_word' id='word_1_186' title='bbox 1322 2342 1336 2370; x_wconf 88' lang='lat'>1</span> <span class='ocrx_word' id='word_1_187' title='bbox 1365 2346 1500 2377; x_wconf 65' lang='lat' dir='ltr'><strong>Pffl&#39;emes</strong></span> 
     </span>
     <span class='ocr_line' id='line_1_38' title="bbox 183 2374 1502 2417; baseline 0.002 -13"><span class='ocrx_word' id='word_1_188' title='bbox 183 2378 218 2404; x_wconf 88' lang='lat' dir='ltr'><strong>A.</strong></span> <span class='ocrx_word' id='word_1_189' title='bbox 240 2392 277 2397; x_wconf 54' lang='lat'><strong>„-</strong></span> <span class='ocrx_word' id='word_1_190' title='bbox 300 2377 359 2411; x_wconf 88' lang='lat' dir='ltr'><strong>lb,</strong></span> <span class='ocrx_word' id='word_1_191' title='bbox 387 2374 405 2404; x_wconf 90' lang='lat'><strong>3</strong></span> <span class='ocrx_word' id='word_1_192' title='bbox 425 2387 522 2414; x_wconf 83' lang='lat' dir='ltr'><strong>regem</strong></span> <span class='ocrx_word' id='word_1_193' title='bbox 543 2378 671 2406; x_wconf 80' lang='lat' dir='ltr'><strong>functum</strong></span> <span class='ocrx_word' id='word_1_194' title='bbox 692 2389 768 2416; x_wconf 85' lang='lat' dir='ltr'><strong>pone</strong></span> <span class='ocrx_word' id='word_1_195' title='bbox 787 2381 821 2408; x_wconf 93' lang='lat' dir='ltr'><strong>A.</strong></span> <span class='ocrx_word' id='word_1_196' title='bbox 842 2396 880 2400; x_wconf 89' lang='lat'><strong>——</strong></span> <span class='ocrx_word' id='word_1_197' title='bbox 905 2380 957 2415; x_wconf 86' lang='lat' dir='ltr'><strong>le,</strong></span> <span class='ocrx_word' id='word_1_198' title='bbox 983 2380 1004 2409; x_wconf 87' lang='lat'>4</span> <span class='ocrx_word' id='word_1_199' title='bbox 1022 2384 1134 2417; x_wconf 84' lang='lat' dir='ltr'><strong>patrem</strong></span> <span class='ocrx_word' id='word_1_200' title='bbox 1154 2381 1189 2408; x_wconf 91' lang='lat' dir='ltr'><strong>A.</strong></span> <span class='ocrx_word' id='word_1_201' title='bbox 1209 2395 1248 2400; x_wconf 91' lang='lat'>—</span> <span class='ocrx_word' id='word_1_202' title='bbox 1265 2379 1320 2413; x_wconf 71' lang='lat'><strong>212,</strong></span> <span class='ocrx_word' id='word_1_203' title='bbox 1343 2377 1361 2409; x_wconf 89' lang='lat'><strong>3</strong></span> <span class='ocrx_word' id='word_1_204' title='bbox 1383 2381 1502 2407; x_wconf 83' lang='lat' dir='ltr'><strong>naviter</strong></span> 
     </span>
     <span class='ocr_line' id='line_1_39' title="bbox 185 2414 1500 2454; baseline 0.003 -11"><span class='ocrx_word' id='word_1_205' title='bbox 185 2419 275 2452; x_wconf 85' lang='lat' dir='ltr'><strong>atque</strong></span> <span class='ocrx_word' id='word_1_206' title='bbox 295 2416 330 2443; x_wconf 88' lang='lat' dir='ltr'><strong>A.</strong></span> <span class='ocrx_word' id='word_1_207' title='bbox 358 2430 395 2435; x_wconf 78' lang='lat'>—</span> <span class='ocrx_word' id='word_1_208' title='bbox 421 2414 478 2449; x_wconf 88' lang='lat' dir='ltr'><strong>2c,</strong></span> <span class='ocrx_word' id='word_1_209' title='bbox 507 2414 520 2443; x_wconf 94' lang='lat'>1</span> <span class='ocrx_word' id='word_1_210' title='bbox 549 2417 636 2453; x_wconf 80' lang='lat' dir='ltr'><strong>lgens</strong></span> <span class='ocrx_word' id='word_1_211' title='bbox 662 2418 703 2454; x_wconf 87' lang='lat' dir='ltr'><strong>A;</strong></span> <span class='ocrx_word' id='word_1_212' title='bbox 731 2420 824 2446; x_wconf 84' lang='lat' dir='ltr'><strong>sancti</strong></span> <span class='ocrx_word' id='word_1_213' title='bbox 851 2419 891 2454; x_wconf 82' lang='lat' dir='ltr'><strong>A3</strong></span> <span class='ocrx_word' id='word_1_214' title='bbox 917 2421 976 2448; x_wconf 84' lang='lat' dir='ltr'><strong>tuis</strong></span> <span class='ocrx_word' id='word_1_215' title='bbox 1002 2419 1075 2447; x_wconf 80' lang='lat' dir='ltr'><strong>fehlt</strong></span> <span class='ocrx_word' id='word_1_216' title='bbox 1099 2417 1125 2446; x_wconf 76' lang='lat' dir='ltr'>A</span> <span class='ocrx_word' id='word_1_217' title='bbox 1149 2419 1183 2446; x_wconf 93' lang='grc' dir='ltr'><strong>Β.</strong></span> <span class='ocrx_word' id='word_1_218' title='bbox 1208 2433 1246 2438; x_wconf 92' lang='grc'><strong>--</strong></span> <span class='ocrx_word' id='word_1_219' title='bbox 1266 2417 1322 2452; x_wconf 86' lang='lat' dir='ltr'><strong>3a,</strong></span> <span class='ocrx_word' id='word_1_220' title='bbox 1351 2417 1364 2445; x_wconf 94' lang='lat'>1</span> <span class='ocrx_word' id='word_1_221' title='bbox 1395 2427 1436 2454; x_wconf 88' lang='lat' dir='ltr'><strong>sq.</strong></span> <span class='ocrx_word' id='word_1_222' title='bbox 1464 2418 1500 2446; x_wconf 87' lang='lat' dir='ltr'><strong>In</strong></span> 
     </span>
    </p>
   </div>
  </div>
 </body>
</html>
