1650 2659
761 168 803 173 --
856 148 925 185 276
973 169 1018 174 -

281 251 335 282 10.
363 248 445 280 Vota
471 248 684 288 famermm,
706 246 853 287 petimus,
876 254 915 278 ne
940 255 1054 286 sperne
1078 250 1213 290 tuorum,

416 297 469 328 Ad
496 305 627 336 superos
654 295 811 326 scandens
838 294 914 326 sede
939 295 1102 335 patrisque
1127 295 1252 337 sedens,

461 345 523 386 Qui
548 344 636 376 sedes
662 343 706 375 ad
731 344 895 375 dexteram
920 343 1037 382 patris,
1064 343 1212 375 miserere
1237 342 1338 376 nobis.

283 415 340 444 ]].
369 411 460 444 Solus
487 411 606 443 habens
634 419 763 450 regnum
790 419 928 441 cosmum
956 410 1154 450 redemisque
1180 414 1343 442 cruentum

417 459 574 500 Sanguine
600 467 762 500 purpureo
788 467 880 489 omne
905 458 1015 497 piante
1039 458 1151 500 scelus,

458 508 619 548 Quoniam
647 509 680 538 tn
706 506 793 538 solus
819 508 962 539 sanctus.

286 577 341 608 12.
370 574 579 615 sceptrigeris
606 573 727 604 cunctis
755 572 920 604 dominans
947 581 1006 612 per
1032 571 1158 604 climata
1183 573 1290 604 mundi

414 623 530 653 Aulam
558 622 598 653 da
624 620 715 653 nobis
741 621 928 660 astiigeram
956 619 1093 659 famulis,

459 670 507 701 Tu
535 669 622 701 solus
648 669 822 701 Dominus.

285 738 337 769 153.
366 736 528 767 Praenitet
554 737 613 767 iste
640 735 707 766 dies
734 743 867 767 ascensu
893 743 1006 774 nempe
1033 741 1166 776 sacrato,

417 784 549 815 Arbiter
574 785 666 823 alme,
694 787 759 823 tuo,
787 783 836 814 cui
863 783 1003 814 canimus
1030 782 1161 821 iugiter:

459 832 509 863 Tu
535 831 622 863 solus
648 831 834 869 altissimus,
862 830 938 862 Iesu
964 828 1100 867 Christe,

463 882 542 911 (sum
569 881 680 910 sancto
705 879 823 918 spiritu
850 879 885 909 in
908 877 1013 917 gloria
1039 877 1104 908 Dei
1122 876 1241 917 patris.

309 964 395 997 Trop.
423 973 474 989 ms.
497 964 697 993 (stasinensewj
723 972 798 989 saec.
830 962 871 989 11.
900 971 943 988 ex.
985 962 1054 989 Cod.
1076 945 1210 988 Vatieau.
1232 961 1335 989 Urbin.
1362 958 1425 987 602.
1446 959 1480 985 A.
1501 973 1538 979 -

233 1003 319 1036 Trop.
348 1010 399 1028 ms.
421 1002 659 1028 Beneventanum
687 1010 763 1028 saec.
790 999 832 1027 12.
875 1001 943 1027 Cod.
965 1001 1060 1036 Cupit.
1083 1001 1276 1027 Beneventan.
1299 995 1341 1025 26.
1364 999 1396 1024 Β.
1418 1011 1451 1016 -
1476 996 1498 1028 l.
1522 996 1534 1024 l

233 1041 363 1065 tonantis
386 1040 418 1065 15.
441 1056 474 1058 -—
497 1038 523 1067 3,
548 1039 558 1064 l
584 1048 783 1075 summumque
806 1040 837 1065 B.
859 1055 894 1059 —
916 1038 934 1064 4
955 1039 1012 1065 und
1035 1037 1051 1064 5
1072 1037 1238 1073 umgestellt
1254 1039 1286 1064 A.
1308 1052 1343 1055 —
1363 1035 1389 1067 4,
1413 1033 1536 1063 lGlori-

233 1078 319 1103 ficunt
348 1078 387 1109 A,
418 1077 556 1104 Glorifica
586 1078 621 1104 B:
650 1082 806 1112 coetusque
834 1077 960 1104 caelicus
987 1077 1018 1103 B.
1040 1090 1078 1094 —
1098 1075 1128 1108 4,
1157 1074 1174 1102 2
1201 1075 1382 1110 praesidente
1409 1073 1483 1110 quod
1503 1074 1537 1106 A,

234 1115 446 1149 praesidentem
475 1115 550 1149 quod
573 1116 629 1141 eris
651 1116 690 1144 B;
716 1130 749 1133 -—
772 1114 788 1140 5
813 1114 825 1141 l
848 1115 920 1142 Esto
944 1116 976 1140 B.
998 1128 1034 1133 —-
1055 1113 1086 1145 5,
1114 1113 1131 1140 2
1151 1116 1230 1141 astra
1249 1121 1338 1140 venas
1359 1113 1391 1139 Β.
1411 1125 1448 1131 -
1469 1110 1498 1142 7.
1522 1111 1535 1138 l

232 1155 321 1179 cosmi
344 1154 393 1188 qui
416 1154 447 1179 B.
469 1168 505 1171 —
527 1150 553 1183 S,
577 1152 588 1178 1
613 1154 636 1179 (J
659 1153 772 1187 prolem
794 1154 831 1180 B:
854 1154 990 1187 dogmata
1007 1154 1038 1180 B.
1060 1167 1097 1171 —
1119 1150 1145 1185 8,
1167 1149 1184 1177 2
1198 1151 1353 1179 Caelicolis
1374 1150 1458 1177 nobis
1481 1151 1536 1176 iam

233 1192 352 1217 sumatis
373 1190 468 1217 choris
492 1191 522 1217 H.
545 1204 580 1208 --
607 1190 656 1219 11),
680 1190 693 1216 1
716 1191 891 1217 famulorum
915 1191 951 1220 B:
980 1198 1100 1226 spernas
1123 1191 1154 1217 B.
1177 1204 1213 1207 —
1236 1189 1279 1222 ll,
1303 1188 1315 1215 1
1337 1190 1426 1215 cosmi
1446 1188 1479 1214 B.
1501 1202 1535 1205 —

236 1228 283 1261 11,
312 1227 329 1255 2
350 1228 458 1255 sceluru
480 1230 519 1259 Ας
542 1238 640 1255 omnes
663 1229 777 1262 piantes
799 1230 892 1256 celum
914 1229 946 1255 B.
968 1244 1002 1247 —
1029 1226 1070 1261 12,
1096 1228 1106 1254 l
1131 1228 1206 1255 Aula
1226 1228 1265 1261 133
1287 1228 1428 1262 astrigera
1447 1226 1479 1252 B.
1501 1240 1531 1243 —

235 1265 285 1298 13,
310 1266 322 1293 1
345 1269 401 1293 ista
422 1266 483 1292 dir-s
505 1275 657 1293 ascensum
681 1276 707 1292 n.
731 1269 837 1293 sacrati
860 1268 891 1293 Β.
912 1281 949 1285 —
972 1265 1020 1298 13,
1043 1265 1060 1292 2
1081 1268 1127 1293 cui
1149 1267 1271 1299 canitur,
1293 1265 1370 1293 daun
1392 1264 1485 1292 defeat
1505 1265 1536 1290 B.

596 1405 656 1435 213.
689 1406 767 1436 Laus
791 1406 916 1437 ..Coetus
939 1405 970 1436 in
992 1415 1064 1437 arce
1088 1406 1180 1446 poli⁴⁴.

459 1494 577 1526 Gloria
605 1495 637 1524 in
663 1495 790 1527 excelsis
814 1495 894 1537 Deo,

357 1542 384 1573 1.
415 1542 529 1573 Coetus
556 1542 587 1572 in
614 1551 687 1573 arce
713 1543 778 1582 poli
805 1543 915 1576 reboat
943 1544 992 1574 cui
1020 1544 1156 1575 caelicus
1182 1543 1278 1582 odas;

462 1608 505 1640 Et
533 1609 566 1638 in
592 1612 677 1639 terra
699 1619 776 1648 μαλ’,

357 1657 387 1687 2.
416 1655 507 1686 Pacis
533 1665 667 1695 namque
693 1657 779 1688 Deus
806 1657 916 1688 tribuit
943 1657 1136 1689 charismata
1160 1657 1249 1697 pacis

460 1703 658 1735 Hominibus
684 1704 786 1735 bonae
810 1704 996 1737 voluntatis.

357 1770 387 1802 3.
414 1769 511 1807 Quem
539 1771 641 1800 cuncti
668 1779 820 1801 summum
849 1771 1016 1802 Dominum
1044 1771 1241 1810 laudantque
1267 1770 1445 1810 coluntque,

458 1817 653 1849 Laudamus
678 1819 724 1850 te:

353 1885 383 1914 4.
410 1883 507 1921 Quem
534 1883 693 1915 benedicit
720 1894 818 1916 ovans
843 1885 960 1924 iugiter
985 1886 1099 1916 chorus
1126 1886 1226 1917 almus
1252 1885 1284 1917 in
1310 1884 1416 1920 astris,

458 1931 684 1963 Benedicimus
710 1935 756 1969 ἴε,-

358 1998 388 2028 5.
412 1998 508 2034 Quem
534 1997 626 2035 polus
652 2002 680 2028 et
708 2007 799 2037 quem
825 2002 912 2030 terra
937 2000 1055 2040 tremit,
1083 2007 1175 2038 quem
1199 2000 1336 2031 mundus
1361 1998 1486 2037 adorat,

458 2043 645 2076 Adoramus
671 2048 715 2083 te;

355 2110 385 2141 6.
414 2108 524 2140 Gloria
549 2119 638 2148 quem
666 2115 791 2143 resonat
818 2121 879 2144 vox
904 2112 1008 2144 laudis
1035 2115 1067 2143 et
1093 2112 1227 2153 hymnus
1251 2113 1284 2144 in
1309 2113 1418 2153 astris,

459 2156 688 2196 Glorificamus
713 2161 758 2196 te‚·

354 2223 383 2254 7.
411 2222 466 2253 Cui
494 2222 607 2254 chorus
631 2226 792 2264 angelicus
818 2230 926 2266 grates
952 2225 1107 2265 persolvit
1131 2226 1162 2257 in
1189 2226 1296 2267 astris,

458 2269 592 2302 Gratias
618 2272 744 2312 aqimus
769 2273 827 2305 tibi
848 2276 983 2313 propter
1006 2281 1163 2312 maynam
1187 2272 1327 2312 yloriam
1351 2277 1454 2306 tuam.

458 2317 598 2349 Domine
623 2320 713 2352 Deus
738 2338 784 2342 —
808 2321 933 2360 suscipe
958 2319 1212 2360 deprecationem
1238 2323 1394 2353 nostram.

353 2383 385 2415 8.
413 2382 552 2422 Christe,
579 2382 650 2416 fave
676 2386 770 2424 votis,
795 2387 947 2418 mundum
969 2385 1024 2425 qui
1049 2385 1182 2417 crimine
1207 2393 1337 2425 purgas,

459 2430 520 2471 Qui
545 2431 632 2464 sedes
657 2432 702 2464 ad
726 2433 887 2466 dexteram
914 2451 956 2455 —
983 2431 1183 2471 altissimus,-
