1650 2659
685 117 940 152 -140—

552 225 576 246 c.
605 215 716 256 Kyrie‚
745 215 896 246 virtutum
921 218 1044 247 amator

609 262 652 294 Et
677 271 784 294 earum
810 266 1025 303 conservator,

609 311 672 343 Fer
697 318 787 350 opem
814 310 846 341 in
873 307 934 341 fine

608 358 707 389 Prece
732 358 950 389 sanctissimae
978 357 1184 398 Katherinae‚

653 406 780 438 eleison.

231 511 390 537 (sollemau.
417 518 467 536 ms.
496 510 663 544 liturgicum
693 518 768 536 saec.
792 508 835 536 16.
858 510 897 536 in.
937 508 1091 544 Appendix
1111 509 1192 536 Miss.
1214 508 1364 544 Sagiensis
1388 510 1461 543 imp.

154 548 327 583 Rothomagi
354 546 432 574 1500.
456 547 542 574 hibi.
559 548 599 574 St.
614 547 796 578 Genevibve).
820 563 854 567 -—
877 546 1083 582 Nachbildung
1103 555 1160 574 von
1178 547 1285 582 „Kyrie
1306 546 1356 574 lux
1371 547 1458 573 elari-

151 587 246 613 tatisf‘

577 698 620 727 76.
663 696 759 735 Kyrie
781 697 835 727 lux
859 695 1043 726 honestatis.

597 767 646 793 De
675 771 810 792 sancta
839 765 1022 793 Isabella.

800 864 830 894 1.

174 947 201 971 a.
230 939 341 980 Kyrie,
369 940 422 970 lux
450 940 635 975 honestatis,
850 937 880 969 b.
909 938 1019 978 Kyrie,
1046 938 1100 976 qui
1127 937 1332 975 Ludovieum,

231 989 393 1024 protector
419 987 585 1027 Hancine,
909 990 1051 1017 sanctum
1078 983 1210 1016 fratrem
1236 985 1312 1025 eius,

231 1035 282 1072 qui
301 1037 433 1065 matrem
450 1039 590 1066 nostram
609 1033 777 1074 glorificas,
909 1038 941 1063 ut
967 1041 1023 1063 nos
1051 1030 1211 1070 fundaret,
1237 1032 1412 1071 imperasti,

230 1081 358 1112 eleison.
543 1078 546 1082 ’
909 1080 1036 1111 eleison.

558 1184 582 1206 c.
613 1176 722 1214 Kyrie,
750 1176 800 1213 qui
829 1175 927 1205 solum
956 1178 1097 1206 nostrum

611 1223 712 1253 locum
738 1223 925 1253 humilitatis

611 1270 767 1309 appellari
794 1269 931 1308 voluisti,

612 1317 740 1349 eleison.

793 1393 825 1424 2.

174 1487 202 1508 a.
231 1476 365 1513 Christe,
393 1477 547 1515 virginum
855 1477 884 1508 b.
913 1477 1048 1513 Christe,
1075 1477 1195 1516 gloriae

230 1533 354 1564 sponse,
383 1523 425 1555 fili
454 1523 594 1565 virginis,
912 1533 965 1555 rex
993 1524 1092 1564 spinis
1119 1529 1277 1561 coronate,

230 1572 281 1612 qui
300 1574 431 1602 matrem
450 1576 590 1602 nostram
612 1571 780 1602 lsabellam
911 1571 942 1602 in
961 1580 1054 1603 cruce
1074 1570 1210 1603 fundens
1225 1571 1418 1611 sanguinem,
1446 1579 1466 1601 a

229 1619 381 1658 virginem
410 1619 543 1649 servasti
911 1619 1051 1658 peccatis
1078 1619 1237 1650 redimens

229 1670 368 1698 sanctam
383 1666 542 1697 inmundo
554 1667 780 1704 conservando,
910 1676 978 1705 nos,
1007 1667 1054 1697 cui
1080 1667 1297 1706 supplicamus
1323 1666 1392 1706 pie:

231 1713 361 1744 eleison.
911 1714 1039 1745 eleison.

561 1817 587 1841 c.
616 1807 750 1849 Christe,
778 1808 971 1847 redemptor,

615 1855 724 1887 matris
750 1859 878 1887 nostrae
903 1860 1035 1897 amator,

615 1903 741 1942 suscipe
766 1911 887 1942 preces,
915 1912 992 1942 quas
1017 1905 1048 1935 in
1075 1904 1169 1935 terris

613 1950 726 1982 devote
753 1950 922 1991 fundimus,

611 1997 651 2028 ad
678 2002 718 2039 te,
746 1998 798 2037 pie
825 1998 906 2035 Iesu,
935 1999 1124 2031 clamantes:

616 2044 743 2078 eleison.

794 2122 826 2152 3.

177 2216 205 2238 a.
234 2206 344 2244 kyrie,
371 2204 501 2244 spiritus
527 2208 644 2242 sancte,
854 2205 883 2238 b,
912 2206 1023 2245 Kyrie‚
1051 2207 1115 2238 dux
1139 2206 1286 2239 Isabellis

229 2253 282 2293 qui
307 2253 339 2284 in
366 2250 527 2282 columbae
553 2251 657 2290 specie
912 2262 981 2284 eam
1007 2254 1134 2285 elevans
1158 2254 1191 2286 in
1216 2255 1324 2294 caelis,

234 2302 318 2333 visus
338 2308 371 2331 es
396 2299 428 2330 in
453 2298 549 2337 unda,
913 2309 1002 2332 roseo
1028 2301 1133 2332 colore

233 2353 298 2380 tres
325 2346 485 2379 columbas
511 2345 600 2377 nobis
626 2346 750 2385 misisti,
912 2347 978 2379 eius
1005 2348 1124 2380 vultum
1151 2347 1369 2388 clarificando,

232 2396 360 2428 eleison.
913 2395 1041 2428 eleison.
