1650 2659
691 151 920 185 ,12-

151 246 253 282 fuhrt
282 247 374 282 wohl
400 246 496 283 auch
522 246 580 282 die
609 245 863 289 Bezeichnung
892 243 1137 286 „iubilum‚
1170 243 1328 285 iubilus,
1361 241 1454 278 iubi-

151 303 260 338 latio“
313 305 399 339 oder
448 303 663 345 „neuma“.
732 301 916 337 Demnach
960 300 1009 335 ist
1054 299 1348 344 „sequentia“
1393 309 1454 334 ur-

151 360 361 405 sprunglich
400 360 458 394 ein
495 361 571 395 rein
607 357 976 394 musikalischer
1010 356 1211 393 Terminus.
1270 356 1452 392 Kardinal

153 417 253 452 Bona
297 417 479 452 hemel-kt:
527 416 696 457 „lubili
735 415 779 448 ab
817 415 899 449 aliis
936 413 1188 458 sequentia
1226 413 1314 450 dicti
1353 416 1452 455 sunt,

152 474 236 518 quia
263 478 345 508 suut
372 473 550 517 quaedam
577 473 691 506 veluti
718 472 908 515 sequela
935 474 973 505 et
999 469 1180 515 appendix
1205 470 1336 507 cantici
1363 470 1454 505 alle-

152 531 249 570 luia,
285 540 375 573 quae
403 529 479 563 sine
507 528 622 563 verbis
649 531 731 572 post
757 527 874 571 ipsum
900 527 1242 572 sequuntur.“¹)
1294 521 1451 563 Ahnlich

151 588 214 622 der
242 588 313 620 Abt
347 596 413 619 von
441 585 491 620 St.
521 584 683 620 Blasieu:
722 610 750 628 „.
787 612 793 619 .
822 611 830 619 .
856 583 950 629 quod
985 583 1127 628 [nomen
1162 582 1451 629 sequentiarum]

152 647 255 678 antea
284 642 557 676 iubilationibus
584 640 761 676 eiusmodi
787 642 971 685 proprium
992 640 1076 682 fuit.
1102 641 1204 676 haud
1223 641 1341 679 dubie,
1367 641 1452 685 quia

151 699 227 733 soni
267 699 320 732 illi
360 698 521 732 ultimam
557 698 653 731 verbi
690 697 863 742 syllabam
898 707 962 733 seu
995 699 1153 733 vocalem
1189 698 1451 742 sequebantur.

155 755 346 798 >Sequitur
380 754 645 797 iubilati0,<:
690 758 730 789 ut
762 753 920 789 habetur
953 754 990 788 in
1025 754 1163 790 Ordine
1198 755 1361 790 Romano
1389 753 1453 795 11.‚

154 822 280 854 »quam
308 812 603 854 sequentiam
629 814 775 846 vocantv
799 838 806 844 .
828 838 834 844 .
855 838 862 845 .
883 840 890 846 .
934 811 974 844 In
1001 811 1123 846 citatis
1148 811 1202 845 his
1220 812 1308 846 locis
1326 811 1452 855 agitur

151 869 194 902 de
223 868 458 903 Alleluia.
494 868 528 901 in
564 867 666 903 cuius
700 867 827 902 ultima
860 867 997 911 syllaba
1025 867 1232 902 huiusmodi
1259 877 1451 903 neumae

150 924 246 958 haud
290 934 371 958 raro
415 925 502 958 satis
541 925 669 968 longae
708 928 917 968 comparent
955 924 990 957 in
1030 923 1217 958 veteribus
1256 923 1452 965 codicibus,

149 982 244 1015 notis
283 981 430 1015 musicis
465 981 623 1015 exaratis
659 1010 664 1015 .
703 1010 709 1016 .
747 1009 752 1014 .
787 1008 794 1015 .
846 981 926 1025 Ipsa
963 981 1025 1015 illa
1061 981 1233 1026 repetitio
1267 992 1333 1015 aaa
1369 991 1449 1016 eum

151 1038 394 1072 modulatione
422 1038 673 1081 sequentia
699 1038 897 1073 dicebatur.
955 1037 1061 1072 »Post
1088 1038 1248 1072 Alleluia
1275 1039 1451 1082 quaedam

150 1094 349 1129 melodia
377 1096 638 1129 neumatum
662 1098 841 1133 cantatur,
869 1094 966 1138 quod
985 1095 1282 1138 sequentiam
1303 1094 1450 1138 quidam

148 1151 355 1194 appelant.‹⁷
395 1151 445 1184 ait
483 1150 748 1186 S.Uda11·icus
783 1151 843 1185 lib.
880 1151 895 1184 Ι
931 1149 1101 1186 Consuet.
1136 1150 1299 1185 Cluniae.
1335 1161 1363 1185 c.
1399 1151 1448 1186 II.

151 1207 327 1242 Beletlius
362 1206 458 1240 idem
485 1206 661 1241 affirmat:
702 1207 834 1242 »Moris
862 1207 956 1241 enim
984 1205 1073 1242 fuit.
1109 1210 1151 1241 ut
1177 1211 1259 1251 post
1288 1207 1449 1242 Alleluia

150 1267 360 1299 cantaretur
398 1274 567 1298 neuma.
629 1264 845 1298 Nominatur
883 1267 1002 1298 autem
1038 1274 1166 1298 neuma
1200 1268 1349 1307 cantus,
1389 1265 1451 1308 qui

150 1321 369 1364 sequebatur
405 1320 593 1355 Alleluiax‘
659 1320 760 1364 Quod
799 1324 917 1355 tamen
957 1320 1006 1354 ita
1047 1320 1208 1364 intelligi
1244 1321 1370 1362 debet,
1412 1324 1453 1356 ut

149 1377 219 1421 ipsi
255 1377 405 1411 ultimae
440 1377 556 1412 vocali
594 1377 618 1409 Α
659 1378 972 1420 ροῃὶυυᾳθι·θῐιιι·.“
1030 1378 1075 1413 So
1103 1377 1255 1413 Gerbert
1291 1377 1331 1416 (l.
1365 1388 1393 1413 e.
1422 1378 1453 1417 I.

151 1445 183 1477 p.
212 1434 279 1467 338
306 1437 383 1477 sq).
437 1433 643 1467 Amalarius
670 1433 733 1468 hat
760 1434 924 1477 zugleich
954 1433 1034 1468 eine
1062 1434 1258 1478 mystische
1275 1435 1453 1479 Deutnng

151 1489 336 1524 vei-sucht:
377 1489 495 1525 ..Haec
532 1490 779 1525 iubilatiO.
815 1501 920 1534 quam
952 1493 1120 1526 cantores
1148 1491 1453 1534 sequentiam

150 1550 296 1580 vocant.
324 1549 461 1580 statum
490 1547 590 1580 illum
618 1547 662 1581 ad
691 1550 846 1581 mentem
873 1550 1031 1582 nostram
1058 1547 1174 1583 ducit.
1211 1547 1354 1590 quando
1381 1559 1453 1583 non

151 1603 219 1638 erit
260 1603 458 1638 necessaria
501 1604 701 1640 locutio.
741 1603 802 1637 sed
842 1604 917 1638 sola
952 1604 1171 1648 cogitatione
1207 1615 1307 1640 mens
1341 1606 1455 1641 menti

151 1660 379 1695 monstrabit.
408 1660 501 1702 quod
529 1660 663 1694 retinet
691 1660 726 1695 in
755 1660 870 1699 se.*·2)
922 1660 961 1696 In
990 1661 1055 1696 der
1081 1662 1147 1696 Tat
1174 1660 1222 1696 ist
1248 1661 1311 1696 der
1341 1662 1456 1703 „iubi-

151 1717 282 1755 latio⁵·,
317 1716 382 1751 der
421 1716 653 1760 „sequentia“
683 1717 718 1751 in
746 1717 810 1751 den
841 1717 940 1752 alten
968 1718 1122 1760 Quellen
1148 1718 1321 1753 meistens
1347 1718 1455 1755 keine

156 1773 349 1808 ..locutio“.
386 1772 469 1806 kein
496 1774 589 1807 Text
622 1773 874 1817 untergelegt,
908 1774 975 1809 wie
1001 1784 1039 1809 es
1065 1774 1157 1809 auch
1184 1775 1232 1809 im
1259 1775 1455 1820 Speculum

250 1885 272 1919 ¹)
292 1888 382 1917 Bona,
404 1887 509 1913 Rerum
530 1888 731 1921 liturgicarum
753 1887 822 1914 libri
843 1888 909 1921 duo,
933 1898 959 1923 p.
981 1886 1044 1915 369.

245 1934 268 1967 ²)
289 1933 470 1968 Amalarffls,
498 1936 541 1962 De
567 1934 675 1960 divinis
701 1935 821 1967 officiis,
849 1936 902 1963 111.
930 1945 957 1971 p.
988 1934 1031 1962 16.
1056 1953 1091 1956 -
1112 1936 1153 1964 Es
1183 1938 1268 1965 sollte
1297 1938 1457 1974 eigentlieh

152 1980 439 2010 selbstverstandlich
467 1983 544 2015 sein,
572 1981 635 2007 dass
663 1981 843 2018 keineswegs
863 1984 970 2018 jeder
991 1984 1111 2017 jubilus,
1129 1982 1217 2017 jede
1238 1985 1375 2013 iubilatio
1396 1994 1458 2012 nun

151 2028 226 2056 auch
254 2029 301 2055 ein
321 2028 455 2055 Melisma
483 2029 551 2056 oder
580 2038 632 2064 gar
657 2030 720 2056 eine
743 2032 895 2064 sequentia
915 2031 967 2057 sei.
1006 2031 1102 2058 WVenu
1124 2032 1186 2058 also
1207 2032 1355 2069 Augustin
1375 2035 1457 2068 sagt:

155 2077 205 2110 „111
226 2076 400 2102 iubilatione
422 2084 508 2103 canes
531 2096 681 2102 ......
703 2076 773 2112 quid
794 2081 837 2103 est
860 2079 891 2104 in
915 2078 1091 2106 iubilatione
1112 2081 1237 2107 canere?
1277 2079 1458 2115 Intelligere,

151 2124 249 2151 verbis
279 2123 424 2158 explicare
456 2131 514 2149 non
545 2132 644 2158 posse,
676 2123 753 2158 quod
783 2126 897 2152 canitur
925 2125 1011 2153 corde
1042 2148 1048 2153 .
1081 2147 1087 2153 .
1120 2146 1126 2153 .
1156 2147 1162 2153 .
1209 2127 1339 2154 Iubilum
1366 2134 1458 2154 sonus

153 2171 272 2206 quidam
293 2174 336 2197 est
357 2169 525 2205 significans
547 2179 596 2197 cor
616 2173 767 2206 parturire,
797 2173 875 2206 quod
895 2173 990 2200 dicere
1011 2183 1070 2201 non
1091 2171 1214 2210 potest,“
1237 2173 1306 2200 oder
1327 2181 1412 2200 wenn
1427 2183 1458 2201 er

151 2217 274 2246 erklart:
305 2218 379 2251 „Qui
408 2218 531 2250 iubilat,
559 2227 617 2244 non
637 2219 727 2245 verba
747 2218 828 2251 dicit,
854 2221 904 2247 sed
925 2229 1014 2248 sonus
1035 2221 1155 2257 quidam
1175 2223 1220 2248 est
1238 2221 1373 2248 laetitiae
1393 2222 1457 2250 sine

150 2263 265 2292 verbis⁴⁴
287 2264 432 2297 (Enarrat.
460 2265 491 2291 iu
519 2265 622 2300 psalm.
649 2263 699 2297 32,
730 2265 758 2297 1,
780 2264 797 2293 8
822 2275 849 2293 u.
877 2267 928 2300 49,
955 2266 988 2302 4,
1012 2267 1050 2302 1),
1078 2277 1110 2295 ao
1135 2267 1224 2295 heisst
1244 2268 1296 2295 das
1317 2267 1458 2296 wahrlich

151 2312 241 2345 nicht,
262 2312 325 2340 dass
347 2311 436 2339 sehon
457 2321 492 2338 zu
513 2313 674 2348 Augustius
696 2314 796 2340 Zeiten
817 2314 980 2347 Melismen‚
999 2323 1122 2352 neumae
1143 2314 1213 2342 oder
1234 2315 1405 2351 sequentiae
1425 2317 1458 2343 in

151 2360 266 2388 Brauch
288 2369 394 2387 waren.
427 2360 504 2387 Abei-
525 2369 555 2387 es
577 2360 640 2395 gibt
660 2361 751 2387 Leute
772 2375 807 2380 —
829 2364 947 2390 nomina
967 2365 1036 2389 sunt
1056 2362 1159 2390 odiosa
1180 2375 1225 2397 —‚
1246 2361 1356 2390 welche
1377 2362 1459 2392 diese

153 2408 263 2435 §vellen
285 2408 363 2435 allen
383 2407 504 2435 Ernstes
525 2417 558 2435 so
579 2407 753 2434 missdeuten
773 2408 832 2435 und
852 2409 1079 2438 missbrauchen.
