1650 2659
675 127 934 163 -315—

242 225 274 257 6.
300 223 403 256 Filius
427 234 447 256 a
471 228 564 264 patre
589 225 723 264 genitus,
751 225 791 257 de
815 225 937 265 virgine
962 229 1063 256 matre

341 271 404 312 Qui
428 272 514 303 venit

243 320 276 352 7.
301 318 408 350 Morte
433 319 581 350 relaxare
604 321 737 358 propria
762 320 812 350 ius
837 319 948 351 mortis
974 328 1110 356 amarae,

340 365 385 397 In
409 366 542 398 nomine
566 366 717 400 Domini.

243 414 274 446 8.
301 413 495 454 Suscipiens,
523 422 604 453 quae
630 414 688 451 viS,
712 423 769 446 nos
795 413 939 444 omnibus
964 414 1066 444 exime
1092 414 1210 449 naevis,

340 461 506 493 Hosamm
534 461 568 491 in
595 461 734 493 excelsis.

223 536 310 570 Trop.
331 544 384 562 ms.
400 536 592 570 Sangallense
612 545 687 563 saec.
711 534 753 563 10.
789 536 858 562 Cod.
875 535 1042 570 Sangallenv
1057 533 1121 561 3713.
1137 535 1200 562 add,
1218 544 1292 563 saec.
1311 536 1351 563 13.
1367 537 1403 562 A.
1424 550 1462 554 -—

146 574 235 610 Trop.
262 582 316 600 ms.
336 573 530 608 Sangallense
552 583 628 601 saec.
647 573 704 605 (11,
725 576 764 605 et)
786 572 828 599 13.
872 573 941 600 Cud.
963 574 1132 609 Sangallen.
1152 571 1217 599 5⁴:82.
1241 574 1271 599 Β.
1294 589 1326 592 —
1350 572 1368 599 4
1389 573 1461 600 fehlt

146 612 180 639 A.
202 625 239 632 -—
259 612 446 639 Binnenreim
470 613 500 638 in
521 612 599 639 allen
621 613 826 639 Hexametern.

578 723 646 754 284.
677 724 806 753 Sanetus
828 723 858 752 in
882 722 1031 753 aeternis.

320 805 350 836 1.
376 803 517 835 Sanctus
541 803 573 833 in
599 803 736 833 aeternis
764 810 908 841 regnans,
937 807 1038 841 pater„
1066 803 1159 840 inque
1186 804 1327 842 supernis

378 850 567 890 Summaque
593 855 707 881 natura
733 855 884 881 naturans
911 858 1030 880 summa
1057 850 1171 881 datura

377 897 593 938 Maximaque,
619 898 719 928 ternis
745 898 890 936 personis
917 897 1020 928 omnia
1047 898 1162 929 cernis.

381 945 442 977 Res
468 945 535 976 sine
562 944 687 976 factura
713 954 878 986 generanS,
906 945 972 975 sine
998 954 1059 983 qua
1086 945 1238 983 genitura.

323 1024 356 1055 2.
384 1022 523 1054 Sanctus
547 1025 578 1052 et
604 1022 756 1060 aequalia
783 1022 918 1061 genitus,
945 1021 998 1060 qui
1025 1030 1094 1051 cum
1120 1027 1211 1059 patre
1236 1022 1310 1051 talis

380 1068 449 1101 Abs
477 1068 642 1100 defectura
668 1069 768 1107 patris
795 1068 904 1108 exples
930 1069 1034 1099 onmia
1059 1069 1139 1105 iura,

380 1117 439 1155 Qui
465 1116 626 1156 personali
656 1116 778 1147 distans
803 1122 895 1155 patre
921 1117 1117 1154 proprietate

378 1165 422 1196 Et
448 1164 596 1204 integrali
623 1168 771 1195 constans
797 1172 830 1194 es
850 1164 933 1194 idem
961 1164 1089 1196 deitate.

321 1237 351 1270 3.
378 1235 518 1268 Sam-tus
544 1238 574 1266 et
601 1244 661 1266 una
689 1243 812 1274 quoque
835 1235 1012 1274 procedens
1039 1244 1089 1266 res
1115 1235 1155 1265 ab
1181 1240 1323 1274 utroque,

382 1284 468 1322 Quae
494 1292 553 1322 par
578 1284 728 1322 gignenti,
756 1283 867 1314 similis
893 1282 1071 1314 substantia
1095 1292 1186 1322 pura,

382 1332 444 1363 Par
471 1340 593 1370 quoque
619 1331 763 1362 nascenti
789 1335 926 1368 constas,
953 1339 1041 1361 amor
1067 1335 1097 1360 et
1124 1331 1176 1368 pia
1202 1339 1289 1368 cura,

382 1378 500 1410 Munus
526 1382 557 1409 et
582 1378 757 1415 amborum,
784 1378 922 1418 largitio.
949 1379 1062 1417 pignus
1088 1387 1239 1409 amorum.

318 1453 350 1484 4.
378 1449 425 1481 Tu
451 1450 603 1491 Sabaoth,
631 1449 807 1490 Dominus,
836 1449 994 1480 caelorum
1021 1458 1077 1480 rex
1104 1458 1226 1489 quoque
1254 1449 1377 1489 dignus,

379 1497 427 1529 Tu
452 1501 663 1537 terrenorum,
691 1502 724 1528 tu
748 1497 854 1536 yloria
873 1497 975 1535 plena
999 1497 1158 1535 polorum,

380 1545 470 1576 Vivis
496 1545 532 1576 in
558 1545 696 1585 excelsis,
724 1545 778 1584 qui
806 1545 874 1575 sine
900 1548 1042 1585 tempore
1067 1545 1171 1576 celsis,

321 1619 351 1650 5.
378 1617 556 1655 Hosmma,
585 1617 696 1656 dignos
722 1620 825 1647 tecum
852 1624 985 1655 regnare
1011 1615 1161 1654 benignos

380 1665 448 1696 Fac
473 1664 531 1696 tibi
558 1672 628 1695 cum
654 1663 771 1696 sanctis
795 1663 884 1703 regni
909 1663 988 1694 solio
1016 1663 1218 1695 dominantis,

321 1738 352 1770 6.
380 1736 406 1768 Ο
433 1735 603 1776 benedicte,
630 1734 719 1766 venis
744 1734 884 1766 Domini
909 1734 964 1772 qui
990 1733 1122 1765 nomine
1146 1735 1259 1773 plenis,

381 1783 541 1816 Subtrahe
566 1792 624 1814 nos
649 1783 770 1823 poenis,
797 1781 980 1818 Ηοεαηνας
1007 1790 1134 1820 semper
1159 1783 1299 1813 amoenis

380 1831 527 1864 Etcelsis
555 1830 648 1870 digne
675 1830 764 1861 salva
789 1837 856 1867 nOS‚
885 1829 1021 1870 Christe,
1050 1829 1193 1868 benigne.

227 1908 389 1935 collectan.
411 1915 464 1934 ms.
487 1906 588 1933 incert.
611 1905 717 1940 origin.
739 1906 809 1931 anni
833 1902 912 1930 1415.
947 1903 1017 1930 Cod.
1039 1905 1194 1931 Taurinen.
1215 1905 1234 1931 ,J
1250 1905 1278 1931 11
1298 1904 1324 1932 9.
1347 1920 1382 1923 —-
1405 1904 1430 1937 1,
1454 1903 1467 1931 1

151 1955 278 1982 regnans
307 1947 492 1980 paternique.
519 1960 555 1964 —
585 1941 617 1977 3,
643 1941 661 1969 3
689 1946 791 1969 cantas
819 1950 908 1969 amor.
936 1956 972 1960 —
1001 1939 1033 1973 6,
1061 1941 1073 1968 1
1103 1943 1223 1969 Domini
1251 1943 1331 1970 fehlt.
1353 1958 1389 1962 ψ
1413 1945 1470 1970 Die

149 1985 331 2012 Hexameter
351 1984 448 2011 haben
470 1981 672 2012 Binnenreim,
699 1981 794 2007 wobei
821 1979 953 2015 zugleich
979 1979 1003 2014 1,
1028 1980 1040 2006 1
1068 1982 1121 2007 mit
1149 1980 1174 2012 1,
1195 1979 1213 2007 3
1239 1982 1298 2008 und
1328 1980 1385 2014 1,2
1416 1982 1471 2008 mit

149 2023 177 2057 1,
195 2022 214 2050 4
242 2023 302 2049 und
329 2020 354 2054 6,
380 2020 393 2048 l
421 2022 475 2048 mit
501 2019 527 2052 6,
550 2017 567 2046 2
595 2028 640 2046 am
663 2019 800 2045 Schlusse
834 2020 930 2051 reimt3
961 2019 990 2045 in
1012 2018 1062 2045 der
1082 2019 1167 2046 Mitte
1188 2020 1261 2046 nach
1283 2020 1334 2047 der
1353 2020 1468 2055 Haupt-

150 2063 238 2090 zisur
257 2059 318 2087 und
338 2069 385 2086 am
407 2059 545 2087 Schlusse
567 2060 676 2084 reimeu
697 2056 744 2083 die
766 2057 1032 2091 Hexameterpaare
1053 2055 1079 2085 2.
1101 2055 1118 2084 3
1139 2057 1197 2084 und
1217 2057 1248 2090 4;
1271 2056 1296 2090 3,
1319 2056 1336 2085 *2
1358 2058 1417 2085 und
1438 2056 1468 2089 3;

152 2099 180 2134 6,
204 2098 218 2126 1
239 2099 300 2125 und
320 2095 347 2124 2.
369 2113 405 2117 —
428 2097 470 2124 Zu
489 2097 600 2123 diesem
614 2095 728 2130 Tropus
750 2095 788 2120 ist
809 2095 839 2121 in
860 2094 911 2121 der
925 2094 1117 2122 Handschrist
1136 2097 1282 2123 vermerkt
1304 2094 1470 2131 „Tenor‘ss

151 2147 218 2166 zum
238 2136 336 2172 gleich
358 2135 514 2171 folgenden
542 2131 847 2169 ‚‚Contratenor“;
870 2133 954 2160 beide
976 2133 1040 2160 sind
1061 2133 1221 2170 allerdings
1242 2134 1339 2170 gleich
1360 2135 1471 2170 gebaut

150 2176 211 2204 und
228 2173 370 2204 bestehen
391 2182 444 2200 aus
465 2173 561 2209 gleich
580 2171 679 2199 vielen
697 2169 757 2204 (20)
775 2171 982 2198 Hexametern.

577 2283 643 2314 285.
674 2283 806 2313 Sanetus
828 2284 860 2312 et
880 2281 1050 2322 ingenitus.

276 2369 309 2401 1.
335 2367 476 2399 Sanctus
501 2367 533 2395 et
556 2363 716 2403 ingenitus
741 2366 836 2402 pater
859 2366 954 2402 atque
980 2372 1090 2395 carens
1115 2365 1269 2404 genitura,

334 2414 475 2447 Sanctus
500 2415 533 2442 et
556 2419 594 2444 ac
620 2410 755 2451 genitus,
781 2411 866 2450 patri
891 2419 951 2450 par
974 2411 1076 2451 gloria
1100 2421 1190 2455 pura,
