1650 2659
708 103 870 141 —369
921 125 965 129 -—

185 207 301 233 saerata
325 203 359 232 Β.
385 217 423 222 -
451 201 508 235 lb,
534 200 553 229 4
579 201 704 229 emunda
729 204 775 228 tos
798 203 821 229 B
842 201 864 228 C
891 202 992 238 (gegen
1021 202 1077 230 den
1100 203 1304 235 Biunenreim).
1326 219 1363 222 —
1395 204 1451 236 lb,
1479 203 1497 231 5

183 242 314 270 Tandem
333 249 420 269 serva
439 242 471 270 C.
493 254 531 259 —
551 240 701 268 Zwischen
724 238 767 266 la
786 239 846 267 und
870 239 924 272 lb,
956 240 1064 268 welche
1085 241 1198 276 gleichc
1220 242 1366 269 Melodien
1391 243 1494 275 haben,

184 280 275 309 steht:
299 279 529 308 Benedictus
548 277 661 305 Mariae
687 280 788 312 natus,
816 275 893 314 patri
913 282 1031 314 gratus,
1057 281 1120 314 qui
1148 281 1256 307 venit
1283 282 1321 307 in
1348 283 1497 308 nomine

184 320 236 347 Do
246 320 345 346 mini.
360 332 396 337 —
410 318 444 345 In
459 316 550 344 D—G·
571 317 610 344 ist
623 316 719 343 dieser
739 317 1011 351 Hosanna-Tropus
1026 318 1195 345 verbunden
1211 319 1263 345 mit
1278 319 1340 346 dem
1359 320 1499 346 Sanctus-

183 357 297 392 Tropus
319 355 410 392 „Ave
433 354 543 382 dulce
562 357 599 381 tu
620 352 857 382 fermentum“
878 354 974 387 (Anal.
997 355 1079 386 XXI,
1102 363 1128 391 p.
1151 354 1205 387 58).
1248 356 1329 383 Auch
1352 358 1376 383 A
1399 357 1456 384 und
1472 358 1495 383 B

183 395 328 430 tropieren
353 393 406 421 das
432 392 608 429 zugehiirige
629 393 761 426 Sanctus,
785 393 856 420 aber
876 402 931 420 nur
952 394 990 419 im
1014 394 1102 420 verse
1126 395 1251 429 „Pleni
1281 400 1367 421 sunt
1396 396 1495 422 caeli

184 437 220 462 et
239 430 354 461 terra“
376 431 466 460 durch
487 431 534 458 die
555 431 770 467 Eiuschaltung
793 431 939 468 „gloria
960 436 1146 459 sacrosancta
1168 442 1280 468 semper
1301 432 1393 460 tua“.

492 580 558 612 382.
598 581 742 612 noemma
766 580 897 620 „Angeli
920 582 952 612 et
973 582 1184 621 archangeli&

195 673 252 705 la.
280 671 460 711 Hosanna3
874 671 933 704 lb.
962 672 1135 709 Hosamza,

279 718 393 759 Angeli
419 722 451 750 et
475 718 667 760 archangeli,
961 719 1033 750 Tibi
1052 721 1130 760 laus,
1160 720 1260 750 honor
1278 721 1328 752 sit.
1355 721 1492 760 christe,

279 766 384 798 throni
410 766 670 806 principatusque
696 767 776 797 caeli
962 766 1149 799 benedictus
1175 766 1217 798 sii
1243 767 1311 798 dies
1336 768 1416 805 ister,

279 820 309 845 te
332 814 474 856 laudant,
506 813 675 845 Chembim
961 817 992 844 te
1018 814 1183 846 laudamus
1211 824 1292 846 nunc
1320 819 1348 845 et

277 871 315 894 ac
340 861 517 903 Seraphim,
963 862 1157 902 perenniter,

279 909 422 947 Sanctus,
451 909 595 948 Sanctus,
622 909 755 941 Sanctus
963 910 1147 941 benedictus
1175 909 1268 948 Deus.¹

279 957 312 988 in
338 957 475 989 excelsis.
963 957 996 988 in
1023 957 1159 989 eaecelsis.

259 1052 392 1078 Cantion.
418 1059 470 1079 ms.
498 1051 665 1078 Wenceslai
693 1050 727 1077 de
757 1050 923 1085 Wyskytna
951 1051 1019 1076 anni
1051 1048 1131 1077 1512.
1174 1050 1241 1077 eod.
1270 1051 1344 1076 Mus.
1374 1051 1493 1076 ssohem.

183 1090 255 1117 xm
276 1091 300 1116 A
327 1088 353 1116 2.
374 1103 412 1108 —
433 1088 623 1124 „Augelicum
649 1087 769 1115 maius-‘¹
794 1103 830 1106 —
852 1089 965 1115 Voraus
993 1089 1061 1123 geht
1082 1088 1132 1114 der
1154 1090 1332 1123 [intropierte
1355 1091 1491 1115 Sanctus-

181 1129 256 1156 Text
276 1128 319 1154 bis
341 1136 407 1177 ²¹2OE
426 1130 524 1154 ersten
546 1128 700 1159 Hosanna3
722 1127 796 1153 nach
816 1126 867 1153 der
889 1127 944 1153 Str.
969 1125 1006 1152 la
1028 1127 1099 1160 folgt
1122 1126 1352 1153 Benedictus
1372 1128 1433 1161 qui
1457 1141 1491 1143 —

182 1167 355 1194 Hosanna
378 1187 383 1192 .

524 1277 590 1308 383.
631 1277 776 1308 Hosanna
800 1276 922 1315 „Patris
944 1275 1146 1315 verbigena“.

637 1368 653 1399 1
663 1394 668 1401 .
694 1366 869 1407 Hosaum,

694 1415 801 1447 Patris
829 1413 1015 1452 verbigena.

191 1511 249 1544 Za.
275 1510 362 1542 Voce
386 1520 476 1550 pura,
873 1507 936 1541 2b.
962 1506 1127 1538 Ecclesiae

276 1559 423 1594 clemens,
451 1557 567 1590 exaudi
960 1558 1031 1585 tuae
1057 1563 1137 1594 quae
1165 1553 1259 1585 boant

275 1606 430 1648 carmina,
958 1602 1085 1641 agmina

635 1702 666 1733 3.
692 1698 735 1731 In
760 1699 897 1732 excelsis.

254 1795 340 1832 Trop.
364 1805 415 1823 ms.
438 1795 626 1824 Gerundense
649 1802 724 1821 saec.
749 1792 790 1820 12.
834 1792 903 1820 Cod.
925 1792 1051 1819 Pax-ism.
1095 1792 1186 1817 Nouv.
1209 1796 1273 1824 acq-
1294 1786 1359 1816 495.
1386 1804 1412 1806 —
1440 1786 1491 1819 2b‚

180 1834 193 1863 1
216 1843 259 1870 sq.
279 1834 415 1863 Ecclesia
436 1838 488 1862 tua
508 1841 583 1869 quae
604 1833 682 1860 boat.

234 2459 364 2485 Blumo,
386 2455 468 2485 'Propi
484 2453 646 2477 Graduales.
668 2453 690 2475 l.
1281 2443 1317 2471 24
