1650 2659
633 161 891 194 —341-—

400 249 466 280 336.
507 251 640 282 sauctus
665 251 720 289 „Te
740 251 902 283 laudamus
925 260 941 282 ο
963 251 1122 291 benigne“.

566 305 616 333 De
643 307 758 333 Beata
786 307 905 334 Maria
929 307 963 333 V.

119 359 152 392 1.
178 358 224 390 Te
249 360 428 399 laudamus,
454 371 473 393 o
500 362 644 403 benigne,
808 366 840 397 2.
867 363 1055 396 Dominator
1079 368 1111 393 et
1137 363 1276 394 salvator

227 406 296 438 Rex
321 412 471 441 aeternae
497 410 628 451 gloriae,
914 410 1027 443 Mundi
1053 410 1286 449 benignissime.

179 453 252 485 Tibi
279 454 390 486 damus
417 459 522 496 grates
549 457 643 496 digne
867 457 916 489 Da
943 459 1089 488 virtutem
1114 462 1143 487 ct
1166 458 1299 488 salutem

224 501 282 541 Qui
311 506 404 534 natus
431 511 464 534 es
490 504 623 543 virgine.
914 504 1064 542 Corporis
1090 510 1119 534 et
1147 505 1280 536 animae.

504 570 535 601 3.
564 570 636 601 lesu
661 569 754 603 bone,
782 570 903 601 visione

611 616 681 648 Tua
705 625 762 647 nos
788 616 944 655 laexificag

567 664 627 694 Per
652 668 696 698 te,
722 664 776 702 pia
801 673 819 694 o
845 665 961 696 Max-ia.

612 711 850 750 Consequamur
875 711 1004 742 caelica.

186 775 273 803 Grad.
301 784 354 802 ms.
377 775 578 810 strigoniense
606 784 681 802 saec.
710 775 753 802 15.
795 776 863 803 cod.
887 778 980 811 Capit.
1003 777 1178 812 strigonien.
1201 778 1270 803 Mss.
1293 778 1305 803 1
1333 777 1359 802 :‘‚‚
1381 791 1417 795 —

102 816 164 842 Vor
181 814 263 850 jeder
285 813 409 849 strophe
433 813 644 849 „sanctus“.

452 915 516 946 337.
557 916 688 946 sanctus
713 915 752 953 „0
774 915 916 946 vernans
937 916 1074 946 rosuhfi.

564 972 614 997 De
641 972 756 998 Beata
781 971 899 998 Maria
925 971 960 996 V.

506 1030 534 1061 1.
564 1030 588 1061 O
617 1029 755 1061 vernalis
782 1029 896 1065 rosula,

563 1078 598 1108 ln
625 1077 758 1108 roscidis
787 1076 934 1117 primula,

613 1124 730 1155 Stricta
756 1125 874 1163 algore,

610 1171 693 1203 Solis
720 1172 751 1203 in
779 1171 904 1203 fervore

658 1219 754 1250 Mane
782 1219 925 1251 dilatata.

114 1287 147 1319 2.
175 1286 223 1318 Tu
248 1286 382 1326 signaris
410 1285 522 1323 lilium,
803 1287 834 1318 3.
861 1285 1046 1325 Appellaris
1073 1285 1168 1316 maris
1194 1294 1255 1325 ros,

173 1333 264 1374 Quod
290 1333 425 1365 includit
452 1332 617 1366 trifolium,
861 1334 958 1372 Quem
987 1333 1107 1364 dotavit
1134 1341 1282 1364 amoenus
1308 1332 1384 1372 flos3

221 1381 284 1420 Sic,
312 1382 400 1421 virgo
431 1381 561 1417 intacta,
908 1380 960 1412 Sic
986 1380 1110 1420 virgula
1136 1381 1221 1412 Iesse

222 1428 376 1461 Genetrix
401 1436 434 1459 es
461 1427 545 1460 facta
909 1428 1060 1460 Producit
1086 1429 1118 1459 in
1145 1436 1214 1459 esse

271 1476 331 1507 Dei
357 1481 387 1507 et
413 1476 560 1507 hominis.
954 1475 1056 1506 Deum
1083 1479 1113 1507 et
1139 1476 1307 1507 hominem.

181 1540 316 1569 Cantion.
340 1551 391 1568 ms.
408 1541 636 1578 Vissegradense
651 1550 727 1568 saec.
745 1540 788 1569 15.
823 1541 893 1568 cod.
909 1542 1004 1576 Capit.
1021 1541 1225 1577 Vissegraden.
1243 1541 1268 1567 V
1283 1544 1322 1569 Cc
1340 1552 1364 1575 η.
1379 1556 1414 1560 --

100 1579 163 1607 Vor
173 1580 257 1614 jeder
268 1579 392 1616 Strophe
407 1580 444 1612 „S
452 1580 608 1607 anctus&
626 1595 660 1600 ἡ
676 1580 740 1615 Vgl.
755 1580 809 1607 den
821 1581 934 1615 Tropus
947 1588 1033 1615 super
1044 1580 1119 1606 Alm
1129 1589 1145 1606 a
1161 1579 1274 1607 reden]
1284 1583 1342 1615 pto
1351 1582 1378 1606 ri
1388 1590 1414 1610 s,

96 1617 152 1645 der
172 1619 306 1653 gleichen
327 1619 444 1654 Anfang
462 1617 514 1645 hat
533 1619 646 1652 (Morel,
669 1627 695 1653 p.
719 1616 790 1650 129).

430 1729 498 1761 338.
539 1730 670 1760 sanctus
694 1728 732 1767 „0
755 1728 853 1759 Maria
875 1737 989 1768 sponsa
1009 1728 1090 1760 dia“.

561 1785 612 1812 De
638 1785 752 1812 Beata
777 1784 897 1811 Maria
925 1785 959 1811 V.

113 1847 144 1878 1.
171 1845 196 1877 Ο
221 1845 341 1884 Maria,
366 1853 483 1884 sponsa
511 1843 575 1882 dia,
802 1843 832 1875 2.
859 1842 884 1874 Ο
911 1842 1026 1880 Maria,
1053 1847 1086 1874 tu
1112 1843 1256 1874 sublimis

171 1892 270 1932 Quam
298 1892 445 1924 caelestis
471 1891 630 1923 ierarchia
860 1889 952 1922 Scala
979 1891 1070 1928 caeli,
1097 1900 1223 1930 pressos
1249 1891 1342 1923 nimis

170 1940 256 1972 Mira
281 1940 392 1972 laudat
418 1938 626 1981 symphonia2
859 1937 946 1970 Leva
970 1947 1092 1970 sursum
1119 1947 1175 1970 nos
1201 1938 1240 1970 ab
1267 1939 1337 1970 imis

168 1988 258 2021 Audi
285 1997 407 2028 preces,
435 1991 537 2018 mater
562 1986 626 2026 pia,
861 1985 1049 2026 copulando
1075 1995 1131 2018 nos
1157 1987 1270 2026 opimis

219 2033 285 2079 [Ad
311 2033 356 2079 te]
384 2034 644 2075 supplicantium.
907 2032 1122 2073 Supernorum
1148 2034 1273 2068 civium,

439 2103 471 2135 3.
497 2102 523 2134 Ο
551 2100 667 2136 Maria.
694 2099 888 2137 relevamen,

500 2148 597 2182 placa
622 2151 757 2188 patrem,
785 2151 905 2187 natum,
930 2145 1055 2190 flamen,

500 2197 545 2230 Ut
571 2195 667 2226 finale
693 2199 765 2234 post
791 2203 923 2226 examen

501 2243 627 2277 Sanctis
655 2251 714 2274 nos
741 2242 921 2283 coniungat,
947 2244 1060 2285 Amen,

546 2292 584 2323 In
611 2289 741 2322 caelesti
767 2290 884 2330 patria.

172 2360 310 2388 Cantion.
331 2366 388 2385 ms.
403 2356 634 2392 vissegradense
655 2363 730 2382 saec.
747 2354 791 2382 15.
825 2355 896 2383 Cod.
910 2356 1006 2392 Capit.
1019 2356 1224 2394 vissegraden.
1240 2359 1265 2383 V
1280 2358 1320 2385 (lc
1335 2368 1361 2392 η.
1380 2374 1414 2378 —

95 2398 204 2434 „Aliud
225 2397 349 2434 trophus
374 2403 462 2432 super
476 2394 601 2422 Sanctus
615 2393 650 2421 de
666 2392 821 2422 Domina“.
841 2409 879 2413 -
899 2395 960 2422 Vor
970 2393 1053 2430 jeder
1067 2395 1190 2432 strophe
1207 2394 1412 2431 „Sanctus“.
