1650 2659
834 241 865 272 3.

590 319 618 341 a.
646 308 772 340 Summe
797 307 930 346 spiritus
956 307 1050 347 alme,

649 356 778 387 eleison.

208 423 238 455 b.
265 423 448 454 Procedens
475 422 514 454 ab
540 427 674 461 utroque
702 445 720 464 *
957 444 975 464 *
1003 421 1035 455 d.
1061 422 1097 453 In
1123 420 1185 453 fine
1209 424 1342 454 venture

267 470 432 510 paraclite,
770 492 788 511 *
900 493 918 511 *
1063 469 1159 501 iudex
1182 467 1216 500 in
1241 476 1349 507 carne,

268 518 395 549 eleison.
838 538 856 558 *

766 587 784 607 *
911 587 929 607 *

213 621 240 645 e.
267 612 364 643 Trine
391 616 419 642 et
447 619 520 647 une,
706 636 724 654 *
975 635 993 654 *
1010 619 1038 644 e.
1065 610 1202 642 Paterna
1226 610 1357 650 pietate,

269 659 355 690 Deus
381 659 545 698 immense,
1065 667 1122 689 nos
1147 661 1250 698 tuere,

1063 705 1191 736 eleison.

273 772 387 798 Prosar.
415 776 443 799 et
471 773 590 807 Tropar.
617 781 668 798 ms.
699 772 863 798 Parisiense
892 781 967 799 saec.
997 769 1040 798 13.
1086 771 1156 798 Cod.
1184 770 1333 798 Commun.
1361 771 1502 798 Assisien.

195 807 260 836 695.
277 810 310 836 A.
333 824 369 827 —
389 810 476 845 Trop.
499 819 550 836 ms.
567 810 747 836 Dublinense
769 818 843 836 saec.
868 809 910 836 14.
942 810 1011 836 Cod.
1027 809 1231 844 cantabrigen.
1246 808 1319 836 Add.
1339 807 1404 836 710.
1420 810 1451 836 B.
1465 823 1502 827 —

197 848 281 874 Miss.
302 847 424 874 Maioris
445 849 616 874 Monasterii
640 849 708 883 imp.
723 848 889 874 Turonibus
913 846 993 874 1503.
1016 847 1046 874 C.
1067 862 1104 866 —
1124 845 1175 877 2a,
1197 845 1215 873 2
1234 847 1296 881 regi
1310 847 1344 873 A.
1358 861 1396 865 —-
1410 844 1462 879 21),
1485 846 1499 873 1

197 886 367 912 Destructor
389 888 488 912 mortis
511 887 540 913 C.
557 902 592 905 —
615 886 855 915 Beachtenswert,
877 885 940 912 dass
958 885 1025 920 jede
1045 885 1096 912 der
1116 884 1349 919 dreistrophigen
1362 885 1501 920 Gruppen

198 925 250 949 mit
275 923 424 957 ,βιιῐῐιῐηεΗ
448 925 575 958 beginnt.
597 939 633 941 —
655 925 678 950 Α
701 925 789 950 bietet
811 924 875 951 eine
896 922 1105 958 dreistimmige
1125 922 1261 949 Melodie.

584 1016 631 1045 29.
674 1015 769 1053 Kyrie
793 1015 961 1051 „canamus
983 1015 1112 1045 cuneti“.

212 1152 242 1174 a.
271 1142 428 1174 Canamus
456 1143 559 1173 cuncti
894 1142 924 1176 b,
951 1142 1010 1181 Qui
1037 1142 1107 1181 pius
1132 1141 1235 1173 salvat

270 1189 381 1220 laudes
407 1189 592 1230 hymnificas
953 1198 1079 1228 semper
1104 1193 1136 1220 et
1160 1191 1307 1228 protegat

270 1236 328 1267 soli
356 1236 422 1268 Deo
448 1237 601 1276 placidas.
953 1245 986 1267 se
1012 1240 1179 1275 sequentes
1206 1236 1238 1267 in
1263 1243 1385 1268 aevum.

594 1323 620 1344 c.
649 1312 746 1350 Quem
774 1320 856 1342 nunc
881 1312 1049 1343 adoramus

651 1358 864 1398 glorificantes

652 1409 680 1436 et
707 1406 873 1437 laudantes
901 1406 1025 1440 devote.

836 1483 866 1515 2.

214 1549 243 1571 a.
274 1538 399 1570 Christo
423 1539 521 1570 melos
548 1542 576 1569 et
605 1539 681 1570 odas
893 1540 923 1573 b.
951 1539 1047 1577 Quem
1075 1539 1183 1578 superi
1210 1538 1367 1570 caelorum

273 1586 445 1617 clamantes
472 1586 636 1625 psallimus
952 1591 1046 1626 atque
1072 1586 1215 1626 angelica

273 1634 316 1664 sic
343 1633 497 1664 laetantes
523 1634 554 1664 in
581 1642 628 1665 eo.
952 1637 1144 1665 venerantur
1168 1635 1305 1673 agmina.

596 1708 622 1733 c.
650 1699 829 1732 Oboediunt
856 1700 959 1732 omnia

651 1747 760 1786 illique
785 1745 910 1779 factura

653 1794 741 1831 caeli,
768 1798 873 1826 terrae
899 1798 930 1826 et
955 1803 1066 1834 aquae.

216 1937 245 1960 a.
272 1927 480 1965 Almipotens,
895 1927 925 1960 b.
955 1928 1022 1958 Fac
1047 1936 1103 1958 nos
1129 1927 1191 1958 tuis

273 1974 327 2013 qui
354 1975 435 2013 regis
461 1975 525 2005 alta
956 1975 1104 2006 insistere

275 2021 436 2052 caelorum
462 2021 553 2052 simul
952 2022 1100 2054 laudibus
1127 2021 1276 2062 amoenis,

275 2073 305 2100 et
330 2073 442 2100 cuncta
467 2069 642 2100 moderaris
953 2079 1030 2109 quas
1057 2069 1240 2100 cecinerunt
1265 2077 1388 2101 summa

274 2120 410 2156 terrena,
954 2117 1130 2157 praesagia.

599 2190 626 2213 c.
653 2181 744 2212 Doxa
770 2182 854 2220 patri

655 2237 691 2259 ac
717 2229 838 2268 pariter

656 2275 720 2306 filio
746 2276 842 2312 edito,

656 2323 782 2362 spiritui
808 2328 917 2356 saneto

657 2379 804 2402 canamus
831 2380 939 2403 omnes
965 2379 1042 2403 voce

657 2419 798 2449 sonanti:
824 2419 928 2459 Kyrie
953 2418 1081 2451 eleison.
