1650 2659
716 119 976 154 -166—

596 225 622 248 c.
650 215 751 255 Kyrie
776 215 902 256 spirans
926 218 1064 258 aeterne,

651 271 786 303 regnans
811 271 881 294 cum
906 266 998 303 patre

652 314 726 342 nate
751 310 843 342 simul
869 311 902 342 in
927 310 1080 350 trinitate,

654 358 784 391 eleison.

282 464 414 490 Camion.
436 472 488 490 ms.
509 462 734 498 vissegradenue
755 469 830 488 saec.
855 460 896 488 15.
919 469 963 488 ex.
1003 460 1073 489 cod.
1093 461 1295 497 vissegraden.
1316 462 1342 489 V
1361 461 1400 490 Cc
1420 471 1447 496 η.
1467 475 1502 481 —-

205 501 258 533 22,
280 500 297 528 2
322 504 407 536 Spem
427 502 531 528 veniae
551 500 656 527 confer.
676 513 713 519 —
733 498 781 532 20,
802 498 820 527 2
840 499 935 526 tribue
955 499 1051 526 nobis.
1083 499 1173 526 Beide
1186 500 1327 527 Lesarten
1347 508 1439 536 gegen
1458 500 1508 528 die

207 539 425 569 Endassonanz,
448 538 555 566 welche
576 540 606 565 in
627 538 704 565 allen
725 536 835 565 Versen
855 537 908 564 auf
925 543 942 565 e
963 537 1064 564 lautet.

639 677 699 709 107.
740 677 839 716 Kyrie
861 677 940 707 Deus
962 679 1063 716 pater.

842 767 872 798 1.

228 843 256 867 a.
282 833 394 872 Kyme,
900 832 933 866 b.
960 833 1073 873 Kyme,

281 880 366 913 Deus
392 885 483 920 pater
959 880 1029 911 Hoc
1053 879 1197 919 paschali

283 928 529 967 misericordiae,
961 931 1162 960 sacrosancto
1189 927 1241 959 die

281 976 409 1008 eleison.
961 975 1088 1007 eleison.

605 1077 631 1101 e.
659 1069 769 1109 Kyrie,

660 1115 808 1154 Digneris
834 1125 891 1147 nos

663 1164 823 1202 respicere
847 1163 909 1202 pie,

663 1211 790 1242 eleison.

845 1296 877 1327 2.

231 1371 261 1395 a.
287 1362 423 1401 Christe,
904 1361 937 1394 b.
964 1361 1103 1400 Christe,

290 1409 348 1447 Qui
375 1417 541 1448 resurgens
567 1418 583 1440 a
609 1409 741 1440 mortuis
965 1409 1024 1448 Qui
1050 1407 1211 1448 triumpho
1236 1411 1362 1440 sanctos
1387 1411 1497 1448 patres

290 1457 411 1487 hostem
438 1454 551 1488 fortem
579 1456 734 1494 devicisti,
969 1456 1008 1487 de
1033 1460 1190 1487 tormento
1216 1455 1363 1497 eduxisti,

289 1503 416 1534 eleison.
969 1504 1096 1536 eleison.

616 1607 641 1633 c.
670 1599 805 1637 Christe,

673 1646 749 1678 Cum
775 1646 890 1686 gaudio
917 1654 1037 1677 summo
1061 1645 1162 1685 patris

673 1693 741 1735 [qui
767 1694 809 1726 ad
835 1692 972 1735 caelum]
998 1693 1187 1732 perduxisti,

677 1741 804 1774 eleison.

857 1828 890 1860 3.

241 1901 270 1923 a.
298 1891 397 1930 Kyrie
916 1892 948 1928 b,
975 1892 1088 1933 Kyrie,

299 1938 466 1978 paraclite,
494 1939 575 1971 boue
600 1939 685 1971 Deus
978 1939 1047 1971 Hoc
1072 1949 1129 1971 uos
1154 1939 1252 1971 melos
1276 1947 1373 1971 suave
1398 1938 1451 1971 fac

297 1986 330 2016 in
355 1986 498 2024 personis
524 1987 616 2024 trine,
980 1995 1060 2028 pure
1085 1987 1136 2018 hic
1162 1990 1302 2029 cantare,

299 2032 428 2065 eleison.
979 2035 1107 2066 eieison.

627 2136 652 2160 c.
681 2129 781 2168 Kyrie

683 2176 726 2206 Et
752 2185 821 2207 cum
847 2176 964 2207 sanctis
990 2176 1161 2216 electisque

683 2222 746 2253 tuis
770 2224 803 2254 in
828 2232 961 2255 amoena
984 2223 1058 2255 aula

683 2270 715 2301 in
741 2279 852 2302 aevum
877 2271 1025 2311 gaudere.

309 2363 392 2389 Cant.
413 2369 466 2388 ms.
480 2361 708 2397 vissegradeuse
727 2370 803 2389 saec.
820 2361 864 2390 15.
877 2371 922 2389 ex.
951 2361 1021 2390 Cod.
1036 2363 1133 2397 capit.
1143 2362 1352 2400 vissegraden.
1365 2363 1392 2392 V
1406 2363 1447 2391 Ce
1460 2373 1489 2399 η.
1501 2377 1540 2383 —-

237 2399 288 2435 lb,
309 2398 327 2427 2
347 2401 381 2426 In
402 2399 465 2426 hoe.
492 2414 521 2417 —
542 2397 592 2432 3b,
615 2397 632 2425 2
650 2407 701 2426 nos
723 2399 802 2427 fehlt.
