1650 2659
699 132 955 167 —360—

540 289 604 320 365.
645 289 787 319 nosanna
809 288 921 326 „Hodie
942 287 1116 319 Dominus“.

607 358 646 385 In
674 358 968 384 Resurrectione
991 358 1024 383 Ι).

180 444 238 475 1a.
266 444 441 481 Hosamva,
469 444 563 475 hodie
864 442 926 474 1b.
954 442 1018 474 Pro
1043 441 1134 473 nobis
1160 441 1315 480 pependit

270 491 421 522 Dominus
449 491 536 522 Iesus
561 490 707 522 Christus
949 490 980 521 in
1008 489 1103 528 ligno,
1130 493 1164 520 ut
1190 497 1246 520 nos
1274 488 1313 520 de
1339 489 1412 529 iugo

270 538 443 568 resurrexit
469 547 486 568 a
512 537 664 576 mortuis;
952 536 1072 569 diaboli
1098 536 1246 575 eriperet.

182 614 242 645 2a.
271 613 367 653 Hora,
395 621 456 652 qua
481 613 567 644 Deus
593 613 777 653 exspiravit,
863 613 920 645 2b.
948 612 1155 644 Monumenta
1180 616 1252 643 sunt
1279 615 1408 652 aperta,
1436 615 1478 653 et,

268 664 351 691 totus
378 660 512 691 mundus
949 660 1001 700 qui
1026 659 1232 698 dormierunt,

266 708 454 738 contremuit
465 718 471 745 ;
949 710 1166 739 surrexerunt.

179 784 238 816 321.
266 782 440 814 Descendit
466 783 550 815 Deus
864 782 921 815 3b.
950 783 1030 814 Inde
1057 783 1194 814 excussit

265 831 306 861 ad
334 831 500 870 infernum,
949 831 1179 870 protoplaston,

264 878 345 909 sicut
372 877 475 910 fuerat
949 878 1001 918 qui
1027 881 1128 909 morte
1154 886 1261 909 morsu

260 925 488 964 prophetatum
501 940 507 965 ς
949 925 1118 957 ceciderat.

177 1002 235 1034 43.
265 1001 380 1042 Electi⁷
408 1010 485 1040 quos
511 1001 555 1032 ibi
864 1000 926 1033 4b.
952 1003 981 1032 A
1008 999 1099 1032 fauce
1123 998 1239 1031 inferni

267 1049 396 1088 invenit,
948 1047 1102 1079 abstracti

265 1104 322 1126 suo
347 1105 452 1127 morsu
477 1096 613 1127 extracti
637 1098 730 1135 sunt3
948 1099 1215 1127 consurrexerunt
1242 1093 1336 1125 hodie

652 1173 682 1203 5.
709 1170 751 1201 In
779 1170 916 1203 excelsis.

249 1245 336 1271 Grad.
366 1254 416 1271 ms.
444 1247 543 1271 incert.
572 1245 675 1280 origin.
702 1246 770 1271 anni
803 1243 871 1271 1071
899 1245 984 1276 (nach
1012 1245 1168 1280 Georgius,
1196 1245 1240 1271 De
1261 1245 1373 1279 Liturg.
1395 1245 1478 1270 Rom.

170 1282 281 1309 Pontis.
307 1281 407 1308 1731-
419 1281 463 1309 44.
486 1286 552 1309 tom,
576 1283 633 1314 111,
659 1292 686 1317 1».
711 1281 783 1310 524».
805 1296 840 1301 —
860 1280 909 1309 ⁴2³.
932 1281 946 1308 1
969 1283 1120 1309 Dominus.
1141 1296 1178 1300 ——
1197 1280 1250 1313 21),
1276 1280 1289 1308 1
1312 1286 1380 1308 sunt
1400 1281 1479 1308 fehlt.

172 1336 201 1339 —
230 1318 285 1353 3a,
318 1319 329 1346 1
354 1321 504 1346 Dominus.
527 1335 562 1338 —
585 1319 643 1351 4a,
675 1321 687 1346 1
710 1320 835 1347 Electos.
859 1334 893 1339 —
915 1318 973 1352 4b,
1001 1319 1013 1345 1
1036 1320 1059 1346 A
1081 1321 1162 1347 facie.
1184 1334 1220 1338 —-
1241 1319 1298 1349 41),
1320 1318 1337 1346 3
1358 1328 1422 1346 cum
1444 1328 1478 1346 eo

173 1361 375 1384 surrexerunt:
405 1357 490 1384 hodie
518 1357 591 1385 nach
623 1359 669 1393 „in
696 1357 847 1384 excelsis“.
871 1372 906 1375 —
926 1358 986 1384 Der
1007 1358 1147 1384 lehrhafte
1168 1358 1232 1384 Ton
1253 1357 1331 1393 passt
1351 1357 1480 1384 schlecht

171 1405 207 1422 zu
240 1395 302 1422 dem
331 1399 412 1422 sonst
431 1397 462 1422 in
484 1396 753 1431 Hosanna-Tropen
774 1395 1034 1431 gebrauchliehem
1063 1405 1093 1422 es
1115 1395 1260 1422 ersoheint
1280 1395 1370 1422 daher
1390 1399 1479 1422 etwas

173 1433 358 1466 zweifelhast,
380 1434 415 1460 ob
437 1433 484 1460 die
499 1434 618 1469 Angabe
641 1434 687 1460 bei
701 1434 854 1469 Georgius,
877 1442 907 1460 es
928 1433 1034 1461 handle
1047 1434 1109 1460 sich
1124 1433 1187 1460 hier
1201 1443 1248 1461 um
1264 1434 1349 1461 einen
1363 1433 1477 1469 Tropus

174 1480 238 1498 zum
260 1473 393 1503 Sanetus,
414 1472 594 1507 zuverliissig
615 1473 661 1499 ist.

483 1630 546 1660 366.
588 1629 730 1660 flosanna
754 1629 892 1667 „Christo
913 1630 982 1669 regi
1003 1634 1163 1669 regnum‘·.

181 1719 240 1750 la.
267 1717 440 1758 Hosamm,
863 1718 922 1751 lb.
950 1719 986 1751 In
1010 1719 1187 1751 sacratione

268 1765 405 1805 Christo⁷
434 1766 499 1804 regi
526 1774 632 1805 regum
948 1767 1089 1806 corporis
1116 1767 1200 1798 sacri

268 1812 412 1853 benigno,
440 1822 529 1845 sacra
947 1814 1171 1855 sanguinisque

267 1869 440 1899 pangamus
466 1860 653 1901 praeconia3
948 1870 1024 1893 voce
1051 1861 1192 1894 dicamus
1217 1861 1361 1902 pulchra.

181 1936 243 1968 22.
271 1935 335 1975 Ipsi
361 1935 555 1975 redemptori
860 1936 922 1969 2b.
948 1937 1103 1969 Mundum
1129 1938 1372 1979 triumphantes,

270 1983 484 2022 supplicamus
510 1993 571 2014 uua
948 1989 1132 2023 respuentes
1159 1994 1249 2017 vana.

183 2059 241 2090 33.
268 2058 417 2098 Largitor
441 2059 558 2098 optime
863 2059 924 2092 3b.
951 2059 1118 2091 Exsistens
1141 2069 1209 2092 cum
1234 2065 1326 2099 patre

267 2109 434 2145 rectorque
459 2106 603 2148 benigne,
949 2111 981 2138 et
1006 2106 1106 2148 (cum)
1133 2111 1242 2140 sancto
1268 2107 1404 2148 fiamine,

267 2153 389 2192 respice
415 2161 470 2184 nos
496 2153 526 2184 in
554 2158 655 2195 terra;
949 2158 1055 2186 nostra
1081 2155 1199 2186 munda
1224 2159 1364 2194 pectora.

180 2230 202 2261 4
218 2238 247 2263 a.
274 2230 361 2261 Iuste
383 2228 479 2259 iudex
504 2228 659 2267 iudicans,
863 2229 924 2262 4b.
952 2228 1069 2261 Tecum
1095 2230 1138 2261 sis
1163 2238 1220 2262 nos
1245 2231 1412 2273 suscitans,

569 2307 599 2337 5.
628 2305 661 2335 In
689 2305 801 2336 dextra
824 2308 916 2345 parte
941 2306 1098 2336 collocans

628 2351 828 2392 Benigneque
854 2351 1056 2384 sanctificans

669 2399 711 2430 In
739 2399 875 2433 eoecelsis.
