1650 2659
660 166 919 200 —348—

458 284 528 314 344.
571 284 713 313 flosanna
735 283 793 321 „Te
815 281 945 313 laudant
966 283 1124 322 agmina“.

653 362 683 393 1.
709 361 883 400 Hosamm,

146 445 207 475 2a.
235 445 280 475 Te
306 445 436 476 laudant
463 445 587 484 agmina
823 443 884 476 2b.
916 443 969 474 Sol
994 443 1078 480 luna,
1105 441 1223 480 sidera,

235 491 351 530 iugiter
376 491 504 531 caelica,
917 490 1028 520 liumus
1055 493 1086 519 et
1112 489 1221 519 maria.

147 577 166 607 3
182 574 211 606 b.
240 575 361 613 Supera
388 580 417 605 et
444 574 550 605 infima
826 573 886 606 3b.
918 575 943 606 O
969 573 1030 604 Dei
1055 572 1231 610 clementia,

233 621 285 660 qui
313 621 394 661 regis
422 626 475 652 tua
501 621 653 660 potentia⁷
921 619 1029 651 refove
1055 629 1111 651 nos
1138 624 1191 652 tua
1217 619 1329 660 gratia,

236 672 343 699 nostra
370 668 457 699 dilue
483 670 638 708 contagia.
920 667 1050 699 redimis
1075 671 1177 698 morte
1202 677 1281 706 quos
1304 668 1447 707 propria.

146 754 207 784 4a.
237 753 346 785 Pande
371 761 509 792 superna
823 753 886 785 4b.
916 753 941 785 Ο
967 761 1061 792 quarn
1088 752 1181 783 beata

234 809 288 831 rex
316 799 405 831 nobis
431 800 523 838 alme,
918 803 964 831 est
989 799 1068 831 caeli
1093 799 1168 841 vita,

235 856 307 888 ⁴spes
334 848 385 888 qui
414 857 446 879 es
472 851 592 887 nostra,
918 856 998 887 quae
1024 855 1134 879 carens
1159 850 1246 878 meta

234 895 318 926 salus
344 900 474 927 aeterna
917 894 1034 926 fruitur
1059 897 1172 926 cuncta

234 952 357 981 paxque
384 951 468 974 vera.
918 951 976 981 per
1002 942 1137 974 saecula.

147 1030 207 1060 5a.
236 1029 315 1058 Illuc
343 1033 428 1058 tuum
455 1029 587 1066 plasma,
825 1027 886 1060 5b.
919 1029 1087 1059 Innumera
1113 1035 1247 1068 namque

233 1084 251 1105 o
278 1075 348 1105 Iesu
375 1084 496 1115 magne⁷
919 1083 1031 1113 capere
1057 1078 1150 1114 queat

236 1122 366 1153 tendere
393 1127 531 1161 praesta,
918 1128 951 1152 ut
979 1126 1031 1153 tua
1058 1122 1139 1153 dona

594 1200 625 1229 6.
654 1199 758 1236 Atque
783 1197 921 1228 iucunda

651 1244 761 1275 iubilet
789 1253 864 1275 voce
891 1244 1026 1274 Domino

652 1291 687 1321 in
713 1290 850 1322 excelsis.

217 1375 302 1409 Trop.
331 1383 380 1400 ins.
409 1378 436 1401 S.
466 1374 621 1401 Aemiliani
644 1374 789 1401 Cucullati
817 1382 892 1401 saec.
923 1374 963 1401 11.
1004 1374 1073 1401 Cod.
1096 1375 1184 1401 Acad.
1206 1376 1276 1410 Reg.
1297 1375 1445 1402 Matriten.

138 1411 184 1438 51.
206 1413 238 1438 A.
260 1426 296 1430 —-
317 1412 402 1446 'ri-op.
428 1421 479 1438 ms,
501 1412 689 1439 Narbonense
711 1421 783 1439 saec.
809 1410 852 1438 12.
896 1412 964 1439 Cod.
987 1412 1112 1439 Parisin.
1136 1411 1198 1440 778.
1220 1413 1251 1439 Β.
1282 1427 1319 1431 —
1339 1411 1399 1445 3b‚
1430 1412 1447 1439 3

140 1451 283 1476 redimens
300 1450 330 1474 A*
353 1464 389 1467 —
410 1449 465 1479 4³,
494 1448 646 1484 lsuperne
661 1451 694 1476 A.
718 1464 752 1468 —
772 1449 829 1483 4a,
852 1448 869 1477 3
890 1458 955 1484 spes
977 1450 1047 1476 fehlt
1072 1451 1104 1476 A.
1126 1465 1163 1468 —
1183 1450 1244 1483 4b,
1267 1449 1284 1477 2
1304 1460 1334 1477 es
1357 1452 1389 1478 A.
1412 1465 1449 1470 —›

137 1486 164 1520 6‚
187 1486 204 1514 2
226 1487 317 1514 iubilo
334 1489 356 1513 A
374 1487 409 1519 B;
433 1496 515 1513 voces
531 1488 565 1514 A.

498 1588 566 1618 345.
609 1589 751 1620 Hosanna
774 1589 929 1627 „Trinitas
952 1590 1085 1620 unitas‘·.

652 1669 680 1701 1.
708 1668 884 1707 Hosamm,

147 1745 206 1775 222.
234 1743 383 1776 Trinitas,
821 1745 881 1777 2b.
912 1746 1076 1784 MaiestaS,

234 1789 357 1824 Unitas,
917 1794 1070 1833 Potestas,

233 1837 342 1868 Deitas
914 1840 1052 1872 Claritas

282 1883 443 1923 Superna;
962 1889 1112 1923 Aeterna.

147 1971 205 2002 321.
234 1969 342 2009 Lapis,
369 1979 466 2005 mons,
821 1973 883 2006 3b.
916 1973 978 2009 Sol,
1006 1974 1110 2005 lumen

233 2017 339 2057 Petra,
367 2015 448 2055 fons,
915 2020 957 2051 Et
983 2029 1107 2060 numen,

232 2063 376 2102 Flumen,
403 2073 492 2102 pons.
916 2067 1072 2099 Cacumen

280 2112 416 2149 Semi1a3
962 2114 1005 2146 Et
1031 2115 1104 2147 vita.

144 2199 205 2230 4a.
232 2197 280 2227 Tu
306 2200 403 2227 sator.
819 2199 882 2231 4b.
912 2199 960 2230 Tu
985 2199 1070 2231 nitor

231 2244 372 2281 Creator,
913 2246 955 2277 Et
982 2246 1087 2283 decor,

231 2292 375 2330 Amator,
914 2293 962 2324 Tu
988 2293 1117 2334 candor,

230 2339 435 2378 Redemptor,
913 2340 962 2372 Tu
987 2340 1140 2380 splendor

232 2386 378 2418 Salvator
913 2387 955 2418 Et
981 2388 1070 2426 odor,

279 2433 319 2466 Et
347 2435 429 2464 vitae
454 2434 588 2481 ianuagv
960 2434 1028 2472 Quo
1053 2434 1161 2466 vivunt
1187 2440 1322 2469 mortua.
