1650 2659
751 197 793 202 —
843 176 913 210 320
963 196 1007 200 —

584 381 648 411 293.
679 382 810 412 sanetus
833 381 872 418 „0
894 390 985 420 qnam
1006 379 1168 412 annitere

625 491 652 521 1.
679 490 704 521 O
730 498 821 529 quam
849 489 985 520 dulciter

724 545 814 568 voces
840 536 885 566 ibi
911 541 1070 575 resonant,

676 584 738 616 Ubi
765 592 872 615 omnes
899 585 1001 615 sancti

722 632 847 663 laudem
874 630 941 662 Deo
969 632 1138 662 decantant

722 679 892 710 Dicentes:
920 680 1068 710 Sanctus.

235 776 265 807 2.
294 774 345 806 Sic
371 778 401 804 et
428 783 483 805 nos
509 774 673 806 laudemus
914 774 944 805 3.
973 772 1031 811 Qui
1058 776 1090 802 tu
1117 773 1201 803 solus
1227 770 1306 803 facis

337 822 504 853 Dominum
531 822 563 852 in
589 821 693 861 terris,
1017 819 1167 850 mundum
1195 820 1234 850 de
1259 819 1433 860 immundo,

290 870 387 909 Quem
415 869 518 908 angeli
545 869 645 899 sancti
971 867 1093 898 Munda
1119 876 1185 905 nos,
1212 866 1363 906 quamdiu

331 917 463 948 laudant
487 917 519 947 in
545 916 678 947 excelsis
1018 923 1125 945 sumus
1149 914 1183 945 in
1207 914 1268 945 hoc
1291 914 1419 953 mundo,

340 964 504 995 Dicentes:
531 964 680 995 Sanctus.
1016 962 1095 1001 Quia
1121 966 1154 992 tu
1181 958 1297 1003 (solus)
1321 960 1469 993 Sanctus.

293 1086 379 1120 Trop.
403 1094 452 1111 ms.
474 1085 690 1111 medicatorum
716 1085 882 1115 (Gallicum)
903 1092 977 1110 saec.
1001 1082 1044 1110 13.
1079 1083 1149 1109 Cod.
1164 1082 1332 1119 Sangallen.
1353 1080 1418 1110 383.
1432 1083 1465 1109 A.
1489 1096 1526 1101 —-

216 1123 302 1158 Trop.
330 1132 381 1149 της.
410 1123 566 1150 Diessens-e
598 1130 671 1148 saec.
703 1121 744 1148 14.
791 1122 862 1148 clm.
890 1122 1042 1149 Monacen.
1075 1119 1158 1148 5539.
1186 1122 1218 1148 Β.
1246 1135 1282 1138 —
1307 1121 1440 1147 Cantion.
1469 1129 1522 1146 ms.

218 1162 390 1188 Secoviense
417 1162 484 1187 anui
515 1160 594 1187 1:345.
642 1160 710 1186 Cod.
740 1161 878 1187 Graecen.
907 1159 969 1186 756.
999 1160 1028 1187 C.
1056 1173 1092 1177 —
1119 1159 1206 1186 Grad.
1234 1167 1284 1185 ms.
1311 1159 1524 1194 Mosburgense

216 1201 284 1225 anni
315 1196 392 1225 1360.
442 1199 510 1225 Cod.
539 1199 626 1226 Univ.
654 1198 806 1224 Monacen.
831 1196 883 1224 156
905 1198 965 1224 Pol.
988 1199 1022 1225 D.
1045 1212 1081 1216 —
1102 1198 1185 1224 Cant.
1212 1204 1262 1223 ms·
1284 1196 1523 1232 Engelbergense

217 1238 284 1263 anni
311 1234 391 1263 1372.
429 1237 498 1263 00ιί.
514 1236 726 1272 Engelbergen.
747 1234 812 1263 314.
828 1235 862 1262 Ε.
885 1250 920 1253 ——
944 1236 1057 1262 Prosar.
1081 1244 1131 1261 ms.
1147 1233 1334 1261 Erfordiense
1356 1243 1432 1261 saec.
1449 1232 1523 1260 ¹⁴l15.

217 1275 286 1300 Cod.
309 1274 515 1301 Carolsruhan,
536 1275 588 1301 I'm
613 1272 655 1300 16,
679 1275 709 1300 F.
731 1289 767 1292 —
787 1273 869 1300 Pros.
891 1277 919 1300 et
933 1275 1020 1309 Trop.
1043 1282 1093 1300 ms.
1109 1273 1255 1307 Pragense
1276 1280 1351 1298 saec.
1374 1271 1416 1299 15.
1454 1271 1523 1299 Cod.

214 1313 287 1338 Mus.
310 1312 427 1339 Bullem.
449 1313 521 1339 XIII
542 1313 567 1338 E
588 1313 606 1337 ὅ
626 1312 660 1338 G.

295 1360 317 1390 1,
339 1358 355 1386 *2
377 1368 462 1385 vuees
482 1360 537 1385 tibi
558 1360 581 1387 C
599 1360 639 1391 D;
663 1363 819 1394 personam
841 1359 863 1384 B
886 1359 909 1386 C
931 1360 957 1385 D
978 1359 1014 1390 E,
1035 1362 1194 1384 consonant
1215 1358 1248 1389 F,
1267 1357 1302 1384 G.
1327 1372 1360 1375 —
1381 1356 1406 1389 l,
1428 1357 1447 1384 4
1467 1357 1523 1384 Dei

217 1402 334 1424 cantant
350 1398 372 1424 F
387 1398 411 1424 G
436 1396 459 1427 1,
481 1396 498 1423 5
518 1398 552 1423 111
567 1397 689 1424 excelsis
704 1397 827 1424 Sanctus
844 1398 874 1423 C.
896 1413 931 1415 —
953 1395 978 1426 2,
1001 1395 1018 1423 2
1033 1397 1062 1422 in
1077 1396 1166 1422 caelis
1181 1396 1215 1424 G.
1236 1408 1272 1414 —-
1294 1393 1319 1426 2,
1341 1393 1358 1422 3
1373 1405 1416 1431 sq.
1431 1396 1523 1428 Quem

217 1436 384 1462 collaudant
411 1444 509 1462 omnes
538 1436 630 1461 sancti
657 1436 686 1461 in
715 1444 774 1461 exc.
795 1434 830 1461 G.
853 1449 887 1452 —
909 1433 934 1463 2.
956 1434 973 1461 3
995 1435 1089 1462 sancti
1110 1434 1181 1461 fehlt
1203 1435 1234 1461 B.
1257 1447 1292 1452 —
1313 1431 1343 1465 2,
1365 1431 1383 1460 3
1404 1443 1447 1469 sq.
1468 1433 1524 1460 Cui

217 1475 310 1500 omnis
334 1473 430 1507 angeli
448 1473 452 1506 1
471 1482 586 1499 carmen
607 1482 713 1499 novum
735 1473 891 1499 decantant
911 1473 946 1499 E.
968 1487 1003 1491 ——
1025 1470 1050 1505 2,
1072 1470 1090 1498 4
1110 1475 1229 1499 cantant
1248 1471 1282 1497 B.
1303 1485 1340 1489 —-
1360 1469 1387 1503 3,
1412 1471 1423 1498 1
1447 1471 1524 1504 Quia

215 1515 246 1537 tu
272 1514 294 1538 A
317 1513 339 1537 B
361 1511 383 1537 C
403 1512 441 1541 G,
471 1511 515 1538 Tu
543 1512 591 1546 qui
617 1510 652 1536 E.
674 1525 709 1528 —
730 1509 763 1542 3,
790 1509 806 1537 5
829 1512 884 1544 Qui
913 1520 942 1537 es
970 1511 1049 1537 solus
1071 1510 1102 1536 G.
1130 1525 1161 1529 —
1183 1511 1217 1537 In
1237 1510 1261 1535 A
1283 1510 1305 1536 F
1327 1509 1351 1537 G
1378 1510 1451 1545 folgt
1478 1509 1522 1536 als

216 1549 482 1583 Hmanna-Tropus
507 1551 660 1583 „Rector
681 1549 779 1575 caeli
807 1549 1048 1579 immortalis,
1077 1556 1135 1574 was
1152 1547 1258 1583 jedoch
1280 1549 1327 1574 ein
1347 1548 1523 1575 besonderer

217 1587 466 1621 Sanctus-'rmpus
488 1588 534 1613 ist.

549 1774 615 1804 294.
647 1773 777 1804 Sanctus
801 1773 910 1810 „Salvo
933 1775 1023 1813 pater
1045 1774 1189 1804 Suulme“.

230 1882 261 1913 1.
293 1880 394 1919 Salve,
424 1886 513 1920 pater
540 1891 668 1921 summe,
912 1883 943 1922 2,
971 1884 1048 1922 Ave,
1078 1881 1195 1913 Christi
1221 1889 1305 1921 caro,

289 1929 346 1959 tibi
373 1929 481 1959 laudes
508 1929 697 1960 unanimiter
971 1933 1002 1960 te
1027 1929 1088 1960 Dei
1115 1928 1214 1960 filium
1241 1929 1402 1968 supplices

290 1976 492 2007 decantamus
969 1977 1138 2008 adoramus

290 2023 446 2055 dicentes:
475 2024 625 2055 Sanctus.
971 2025 1128 2055 diceutes:
1156 2023 1306 2055 Sanctus.

585 2119 615 2149 3.
644 2118 732 2155 Vale,
759 2126 882 2150 sacrum
908 2127 1052 2158 pneuma,

647 2170 677 2195 te
703 2166 742 2196 ab
767 2171 899 2205 utroque
924 2173 1125 2206 progressum

646 2213 814 2244 adoramus

649 2260 806 2292 dieentes:
834 2263 982 2292 Sanctus.

292 2383 378 2411 (irad.
406 2390 456 2407 mS.
478 2383 686 2414 Mosburgense
714 2384 782 2409 anni
813 2378 894 2409 1360.
935 2376 1003 2408 Cod.
1025 2380 1113 2408 Univ.
1134 2380 1287 2408 Monacen.
1314 2377 1376 2407 156.
1397 2381 1460 2408 Fol.
1481 2395 1519 2400 —

215 2422 273 2448 Der
299 2425 394 2448 ersten
415 2420 539 2455 Strophe
566 2419 634 2456 geht
656 2417 846 2451 ..Sanctuff
874 2428 997 2452 vorans,
1024 2417 1083 2444 und
1107 2425 1140 2444 so
1165 2418 1258 2446 bildet
1283 2417 1339 2444 den
1358 2418 1517 2447 Abschluss

215 2459 265 2486 der
285 2460 407 2487 dritten:
433 2459 631 2491 „Dominus
652 2458 752 2485 Deus
773 2455 1156 2491 Sabaoth3woh1irrig.
