1650 2659
738 139 992 174 —148—

557 239 588 272 b.
614 239 713 278 Quem
737 236 832 268 theon
858 239 949 268 artoa
973 239 1122 274 tremunt,

611 286 721 323 solum,
748 293 836 324 moys
863 288 894 315 et
918 292 1010 315 orcus
1036 288 1163 324 pavent,

612 332 714 374 Kyrie
740 331 866 364 eleison.

861 428 893 461 2.

231 507 259 529 a.
287 497 421 533 Christe,
450 494 595 533 Messias,
914 502 940 525 c.
966 491 1155 532 Anthropon
1180 501 1301 532 quoque

287 544 404 583 sother,
430 543 529 583 theos,
969 549 1060 579 quem
1086 539 1259 580 plasmasti,

288 591 379 623 radix
404 591 494 627 Iuda,
521 597 648 630 germen
674 590 771 627 Iesse,
965 595 1007 618 ne
1030 588 1186 627 patereris
1205 587 1311 628 perire

286 639 410 671 Christe
434 637 559 670 eleison.
968 634 1095 666 Christe
1120 634 1246 667 eleison.

557 731 589 763 b.
617 731 677 770 Qui
703 731 860 763 Davidica
885 730 1037 770 prosapia

614 779 701 810 nasci
724 779 865 818 morique
891 777 1036 818 sanxisti,

671 826 797 858 Christe
822 825 948 858 eleison.

236 999 264 1022 a.
291 989 449 1020 Honorem
917 995 944 1019 c.
972 986 1161 1028 Revolvens,

291 1037 335 1067 tui
361 1035 514 1068 onomatis
971 1033 1055 1073 quod
1081 1036 1214 1072 propter
1238 1042 1294 1065 nos

291 1083 406 1114 nemini
434 1083 499 1123 des,
527 1091 703 1122 precamur,
973 1081 1111 1112 dedecus
1136 1081 1260 1112 arboris
1287 1084 1320 1112 tu

289 1136 437 1170 externo,
464 1130 566 1169 Kyrie
592 1130 716 1161 eleison.
971 1128 1094 1167 subisti,
1121 1127 1234 1168 Kyrie,

970 1175 1087 1208 Libera
1114 1185 1181 1213 nos,
1208 1185 1247 1206 ne
1274 1174 1489 1215 Phlegewntis

971 1224 1064 1254 undis
1092 1224 1281 1262 deputemur
1307 1222 1471 1263 condigni3

231 1271 261 1303 b.
289 1271 353 1303 Ofis
380 1271 462 1311 quod
489 1270 662 1310 impegerat
970 1270 1119 1303 Nostram
1145 1275 1218 1310 post
1243 1270 1344 1309 elysin

292 1323 454 1359 peccatum
481 1326 538 1358 per
562 1318 805 1357 protoplastum,
967 1318 1096 1349 somatis
1121 1317 1252 1356 psichen
1281 1317 1372 1349 doxis

293 1365 384 1397 nobis
410 1365 581 1397 clementer
607 1365 727 1403 relaxa,
972 1365 1034 1396 tuis
1060 1363 1159 1396 facias
1184 1365 1333 1407 subesse3

290 1413 392 1453 Kyrie
417 1412 543 1445 eleison.
972 1412 1099 1445 eleison.

294 1507 382 1540 Trop.
411 1514 461 1532 ms.
482 1505 718 1532 Emmeramense
747 1507 815 1533 anni
838 1504 995 1533 1024—35.
1037 1506 1109 1534 ehu.
1128 1507 1281 1533 Monacen.
1305 1503 1412 1533 14322.
1432 1506 1465 1533 Α.
1484 1518 1523 1523 —

220 1545 306 1579 Trop.
329 1552 381 1571 ms.
403 1543 637 1571 Emmeramense
659 1552 733 1571 saec.
752 1542 822 1570 ¹¹l12.
863 1545 935 1571 Clm.
956 1545 1106 1571 Monacen.
1131 1542 1234 1571 14083.
1259 1544 1290 1571 Β.
1313 1557 1348 1563 -—
1369 1544 1455 1579 Trop.
1468 1551 1520 1570 ms.

221 1583 436 1609 Cremifanense
458 1590 531 1608 saec.
555 1579 598 1608 12.
620 1584 657 1608 in.
693 1581 761 1609 Cod.
783 1582 976 1609 Cremifaneu.
995 1580 1051 1609 309
1073 1582 1103 1609 C.
1117 1596 1154 1600 ——
1177 1582 1227 1615 la,
1248 1581 1266 1610 3
1280 1590 1386 1615 parazo
1400 1581 1523 1609 ikonatu

220 1621 255 1654 C,
284 1621 384 1655 paraio
416 1619 537 1646 ikonatu
568 1620 626 1647 AB.
656 1634 685 1638 —
731 1619 783 1652 lb,
814 1618 832 1646 2
863 1629 942 1655 moys
978 1620 1069 1647 bleiht
1102 1621 1177 1647 noch
1212 1619 1458 1647 unverstzindlieh.
1485 1633 1522 1636 -—

220 1656 273 1691 20,
308 1657 319 1684 l
348 1658 538 1693 Anprotonon
565 1658 629 1692 AB;
662 1658 812 1694 Antropou
841 1667 898 1693 quo
931 1660 967 1691 C,
1006 1656 1063 1691 31),
1093 1658 1104 1685 1
1135 1657 1194 1686 Ofis
1224 1667 1308 1693 quem
1340 1658 1372 1685 B.
1402 1672 1435 1677 —
1463 1657 1522 1684 An-

223 1696 363 1732 wendung
384 1697 433 1723 des
449 1696 560 1730 Tropus
583 1697 635 1722 auf
651 1695 861 1732 Psingsten:
883 1696 1158 1731 dememsprechend
1177 1696 1250 1723 auch
1269 1696 1321 1724 das
1335 1695 1524 1724 Vennischen

221 1743 278 1761 von
300 1733 501 1769 griechischen
522 1733 579 1760 und
606 1734 798 1762 lateinischen
819 1734 963 1762 wortem.

599 1884 644 1914 86.
686 1883 783 1922 Kyrie
806 1884 997 1922 „Regnorum
1018 1884 1152 1915 rector-².

857 1983 889 2016 1.

382 2066 409 2087 a.
436 2057 615 2097 Regnorum
642 2064 756 2098 rector,
783 2063 966 2090 cunctorum
992 2068 1113 2091 summe
1137 2061 1273 2100 creator,

379 2103 408 2136 b.
437 2104 630 2144 Principium
654 2105 787 2146 finisque
812 2107 915 2146 simul,
943 2108 995 2147 qui
1021 2111 1134 2139 cuncta
1159 2107 1293 2145 creasti;

382 2162 407 2184 c.
435 2152 564 2192 Virgine
590 2157 690 2185 matre
716 2158 813 2195 satuS,
841 2155 998 2187 caelorum
1024 2163 1080 2187 rex
1106 2154 1302 2192 benedictus,

857 2256 888 2288 2.

403 2349 409 2355 .
437 2323 545 2355 Omnis
570 2333 667 2356 ovans
690 2325 815 2358 tibimet
839 2327 949 2358 laudes
975 2330 1088 2358 natura
1115 2325 1266 2366 resultet3

403 2396 410 2403 .
437 2370 506 2402 Hoc
532 2375 651 2404 rectum
678 2374 774 2406 saecli
801 2373 966 2406 confirmet
990 2381 1110 2406 summa
1135 2371 1282 2411 facultas,

402 2445 409 2452 .
436 2418 484 2451 Tu
510 2420 583 2460 quia
609 2421 756 2461 dignatus
781 2422 892 2454 mortis
916 2418 962 2465 [a]
989 2419 1080 2454 fauce
1105 2420 1291 2461 redemptis,

380 2332 399 2450 00⁴²»
