<?xml version="1.0" encoding="UTF-8"?>
<!DOCTYPE html PUBLIC "-//W3C//DTD XHTML 1.0 Transitional//EN"
    "http://www.w3.org/TR/xhtml1/DTD/xhtml1-transitional.dtd">
<html xmlns="http://www.w3.org/1999/xhtml" xml:lang="en" lang="en">
 <head>
  <title>
</title>
<meta http-equiv="Content-Type" content="text/html;charset=utf-8" />
  <meta name='ocr-system' content='tesseract 3.04.00' />
  <meta name='ocr-capabilities' content='ocr_page ocr_carea ocr_par ocr_line ocrx_word'/>
</head>
<body>
  <div class='ocr_page' id='page_1' title='image "./analectahymnica47drevuoft_0333.png"; bbox 0 0 1650 2659; ppageno 0'>
   <div class='ocr_carea' id='block_1_1' title="bbox 661 159 916 194">
    <p class='ocr_par' dir='ltr' id='par_1_1' title="bbox 661 159 916 194">
     <span class='ocr_line' id='line_1_1' title="bbox 661 159 916 194; baseline -0.008 0"><span class='ocrx_word' id='word_1_1' title='bbox 661 159 916 194; x_wconf 68' lang='lat'><strong>-332—</strong></span> 
     </span>
    </p>
   </div>
   <div class='ocr_carea' id='block_1_2' title="bbox 140 245 1446 396">
    <p class='ocr_par' dir='ltr' id='par_1_2' title="bbox 140 245 1446 396">
     <span class='ocr_line' id='line_1_2' title="bbox 142 245 1446 290; baseline -0.004 -10"><span class='ocrx_word' id='word_1_2' title='bbox 142 264 196 281; x_wconf 76' lang='lat' dir='ltr'>ms-</span> <span class='ocrx_word' id='word_1_3' title='bbox 227 256 367 283; x_wconf 76' lang='lat' dir='ltr'>Branderi</span> <span class='ocrx_word' id='word_1_4' title='bbox 399 255 600 290; x_wconf 69' lang='lat' dir='ltr'>Sangallensis</span> <span class='ocrx_word' id='word_1_5' title='bbox 632 255 700 280; x_wconf 81' lang='lat' dir='ltr'>anni</span> <span class='ocrx_word' id='word_1_6' title='bbox 728 251 810 280; x_wconf 76' lang='lat'>1507.</span> <span class='ocrx_word' id='word_1_7' title='bbox 857 251 927 279; x_wconf 84' lang='lat' dir='ltr'>eod.</span> <span class='ocrx_word' id='word_1_8' title='bbox 953 251 1122 288; x_wconf 79' lang='lat' dir='ltr'>Saugalleu.</span> <span class='ocrx_word' id='word_1_9' title='bbox 1151 249 1216 278; x_wconf 81' lang='lat'>546.</span> <span class='ocrx_word' id='word_1_10' title='bbox 1242 249 1274 276; x_wconf 89' lang='lat' dir='ltr'>C.</span> <span class='ocrx_word' id='word_1_11' title='bbox 1300 263 1337 269; x_wconf 84' lang='lat'><em>—</em></span> <span class='ocrx_word' id='word_1_12' title='bbox 1366 247 1398 279; x_wconf 71' lang='grc'>1,</span> <span class='ocrx_word' id='word_1_13' title='bbox 1428 245 1446 274; x_wconf 87' lang='grc'>2</span> 
     </span>
     <span class='ocr_line' id='line_1_3' title="bbox 145 286 1446 325; baseline -0.003 -7"><span class='ocrx_word' id='word_1_14' title='bbox 145 293 349 325; x_wconf 78' lang='lat' dir='ltr'>praedicarunt</span> <span class='ocrx_word' id='word_1_15' title='bbox 369 294 399 320; x_wconf 90' lang='lat' dir='ltr'>B.</span> <span class='ocrx_word' id='word_1_16' title='bbox 421 307 457 313; x_wconf 86' lang='lat'>——</span> <span class='ocrx_word' id='word_1_17' title='bbox 478 291 511 325; x_wconf 85' lang='lat'>2,</span> <span class='ocrx_word' id='word_1_18' title='bbox 539 291 556 318; x_wconf 82' lang='lat'>2</span> <span class='ocrx_word' id='word_1_19' title='bbox 581 293 625 319; x_wconf 78' lang='lat' dir='ltr'>ele</span> <span class='ocrx_word' id='word_1_20' title='bbox 647 293 670 317; x_wconf 86' lang='lat' dir='ltr'>it</span> <span class='ocrx_word' id='word_1_21' title='bbox 689 292 720 318; x_wconf 81' lang='lat' dir='ltr'>C.</span> <span class='ocrx_word' id='word_1_22' title='bbox 742 305 778 310; x_wconf 90' lang='lat'>—</span> <span class='ocrx_word' id='word_1_23' title='bbox 798 287 828 322; x_wconf 82' lang='grc'>2,</span> <span class='ocrx_word' id='word_1_24' title='bbox 857 289 875 316; x_wconf 82' lang='lat'>3</span> <span class='ocrx_word' id='word_1_25' title='bbox 895 290 926 316; x_wconf 89' lang='lat' dir='ltr'>in</span> <span class='ocrx_word' id='word_1_26' title='bbox 946 298 1044 318; x_wconf 82' lang='lat' dir='ltr'>amore</span> <span class='ocrx_word' id='word_1_27' title='bbox 1064 291 1096 317; x_wconf 91' lang='lat' dir='ltr'>B.</span> <span class='ocrx_word' id='word_1_28' title='bbox 1117 304 1155 308; x_wconf 90' lang='lat'>—</span> <span class='ocrx_word' id='word_1_29' title='bbox 1174 286 1207 319; x_wconf 85' lang='grc'>2,</span> <span class='ocrx_word' id='word_1_30' title='bbox 1228 287 1247 315; x_wconf 88' lang='grc'><strong>4</strong></span> <span class='ocrx_word' id='word_1_31' title='bbox 1266 287 1338 314; x_wconf 74' lang='lat' dir='ltr'>fehlt</span> <span class='ocrx_word' id='word_1_32' title='bbox 1357 287 1388 314; x_wconf 90' lang='lat' dir='ltr'>C.</span> <span class='ocrx_word' id='word_1_33' title='bbox 1410 299 1446 304; x_wconf 91' lang='lat'><em>-</em></span> 
     </span>
     <span class='ocr_line' id='line_1_4' title="bbox 141 322 1446 363; baseline -0.005 -6"><span class='ocrx_word' id='word_1_34' title='bbox 141 328 173 363; x_wconf 82' lang='lat'>3,</span> <span class='ocrx_word' id='word_1_35' title='bbox 205 328 222 356; x_wconf 74' lang='grc'><strong>2</strong></span> <span class='ocrx_word' id='word_1_36' title='bbox 242 331 403 363; x_wconf 61' lang='lat' dir='ltr'>gloriantur</span> <span class='ocrx_word' id='word_1_37' title='bbox 423 332 454 358; x_wconf 91' lang='grc' dir='ltr'>Β.</span> <span class='ocrx_word' id='word_1_38' title='bbox 476 345 514 349; x_wconf 92' lang='lat'>—-</span> <span class='ocrx_word' id='word_1_39' title='bbox 533 328 564 359; x_wconf 71' lang='lat'>3,</span> <span class='ocrx_word' id='word_1_40' title='bbox 593 329 610 355; x_wconf 65' lang='lat'>:3</span> <span class='ocrx_word' id='word_1_41' title='bbox 663 329 704 356; x_wconf 86' lang='lat' dir='ltr'>ita</span> <span class='ocrx_word' id='word_1_42' title='bbox 725 336 810 355; x_wconf 85' lang='lat' dir='ltr'>carne</span> <span class='ocrx_word' id='word_1_43' title='bbox 831 328 868 360; x_wconf 78' lang='lat' dir='ltr'>C3</span> <span class='ocrx_word' id='word_1_44' title='bbox 894 335 979 356; x_wconf 81' lang='lat' dir='ltr'>came</span> <span class='ocrx_word' id='word_1_45' title='bbox 999 332 1032 355; x_wconf 79' lang='lat' dir='ltr'>ut</span> <span class='ocrx_word' id='word_1_46' title='bbox 1051 332 1185 355; x_wconf 82' lang='lat' dir='ltr'>amantur</span> <span class='ocrx_word' id='word_1_47' title='bbox 1205 327 1237 353; x_wconf 90' lang='lat' dir='ltr'>B.</span> <span class='ocrx_word' id='word_1_48' title='bbox 1259 339 1291 343; x_wconf 97' lang='lat'><strong>—</strong></span> <span class='ocrx_word' id='word_1_49' title='bbox 1315 324 1398 352; x_wconf 65' lang='lat' dir='ltr'>Naeh</span> <span class='ocrx_word' id='word_1_50' title='bbox 1419 322 1446 355; x_wconf 82' lang='lat'>3,</span> 
     </span>
     <span class='ocr_line' id='line_1_5' title="bbox 140 367 622 396; baseline 0 -1"><span class='ocrx_word' id='word_1_51' title='bbox 140 368 160 395; x_wconf 77' lang='grc'><strong>3</strong></span> <span class='ocrx_word' id='word_1_52' title='bbox 182 368 276 396; x_wconf 86' lang='lat' dir='ltr'>bricht</span> <span class='ocrx_word' id='word_1_53' title='bbox 296 369 319 396; x_wconf 87' lang='lat' dir='ltr'>B</span> <span class='ocrx_word' id='word_1_54' title='bbox 341 369 385 396; x_wconf 75' lang='lat' dir='ltr'>ab,</span> <span class='ocrx_word' id='word_1_55' title='bbox 407 383 443 388; x_wconf 87' lang='lat'>—</span> <span class='ocrx_word' id='word_1_56' title='bbox 462 368 480 394; x_wconf 88' lang='lat'>4</span> <span class='ocrx_word' id='word_1_57' title='bbox 501 367 571 395; x_wconf 85' lang='lat' dir='ltr'><strong>fehlt</strong></span> <span class='ocrx_word' id='word_1_58' title='bbox 592 368 622 395; x_wconf 84' lang='lat' dir='ltr'>C.</span> 
     </span>
    </p>
   </div>
   <div class='ocr_carea' id='block_1_3' title="bbox 406 493 1178 581">
    <p class='ocr_par' dir='ltr' id='par_1_3' title="bbox 406 493 1178 581">
     <span class='ocr_line' id='line_1_6' title="bbox 406 493 1178 533; baseline -0.005 -5"><span class='ocrx_word' id='word_1_59' title='bbox 406 498 464 528; x_wconf 82' lang='lat'>316.</span> <span class='ocrx_word' id='word_1_60' title='bbox 506 498 635 527; x_wconf 71' lang='lat' dir='ltr'>sanctus</span> <span class='ocrx_word' id='word_1_61' title='bbox 659 495 734 531; x_wconf 77' lang='lat' dir='ltr'>„Per</span> <span class='ocrx_word' id='word_1_62' title='bbox 754 502 841 533; x_wconf 84' lang='lat' dir='ltr'>quem</span> <span class='ocrx_word' id='word_1_63' title='bbox 862 493 971 533; x_wconf 79' lang='lat' dir='ltr'>vigent</span> <span class='ocrx_word' id='word_1_64' title='bbox 992 493 1178 524; x_wconf 75' lang='lat' dir='ltr'>elementa“.</span> 
     </span>
     <span class='ocr_line' id='line_1_7' title="bbox 603 553 985 581; baseline -0.003 0"><span class='ocrx_word' id='word_1_65' title='bbox 603 556 653 581; x_wconf 84' lang='lat' dir='ltr'>De</span> <span class='ocrx_word' id='word_1_66' title='bbox 682 555 796 581; x_wconf 80' lang='lat' dir='ltr'>Beata</span> <span class='ocrx_word' id='word_1_67' title='bbox 817 553 930 580; x_wconf 84' lang='lat' dir='ltr'>Maria</span> <span class='ocrx_word' id='word_1_68' title='bbox 950 554 985 580; x_wconf 85' lang='lat' dir='ltr'>V.</span> 
     </span>
    </p>
   </div>
   <div class='ocr_carea' id='block_1_4' title="bbox 144 629 1449 1345">
    <p class='ocr_par' dir='ltr' id='par_1_4' title="bbox 157 629 1278 907">
     <span class='ocr_line' id='line_1_8' title="bbox 157 629 1043 670; baseline -0.006 -6"><span class='ocrx_word' id='word_1_69' title='bbox 157 635 188 667; x_wconf 91' lang='lat'>1.</span> <span class='ocrx_word' id='word_1_70' title='bbox 219 634 366 670; x_wconf 75' lang='lat' dir='ltr'>Sanctus,</span> <span class='ocrx_word' id='word_1_71' title='bbox 837 631 867 661; x_wconf 88' lang='lat'>3.</span> <span class='ocrx_word' id='word_1_72' title='bbox 894 629 1043 665; x_wconf 75' lang='lat' dir='ltr'>Sanctus,</span> 
     </span>
     <span class='ocr_line' id='line_1_9' title="bbox 218 676 1229 719; baseline -0.005 -8"><span class='ocrx_word' id='word_1_73' title='bbox 218 681 279 712; x_wconf 86' lang='lat' dir='ltr'>Per</span> <span class='ocrx_word' id='word_1_74' title='bbox 304 688 394 718; x_wconf 79' lang='lat' dir='ltr'>quem</span> <span class='ocrx_word' id='word_1_75' title='bbox 421 678 527 718; x_wconf 83' lang='lat' dir='ltr'>vigent</span> <span class='ocrx_word' id='word_1_76' title='bbox 553 678 716 719; x_wconf 87' lang='lat' dir='ltr'>elementa,</span> <span class='ocrx_word' id='word_1_77' title='bbox 893 676 952 715; x_wconf 87' lang='lat' dir='ltr'>Qui</span> <span class='ocrx_word' id='word_1_78' title='bbox 978 676 1009 707; x_wconf 89' lang='lat' dir='ltr'>in</span> <span class='ocrx_word' id='word_1_79' title='bbox 1036 676 1125 714; x_wconf 86' lang='lat' dir='ltr'>regni</span> <span class='ocrx_word' id='word_1_80' title='bbox 1150 676 1229 707; x_wconf 89' lang='lat' dir='ltr'>solio</span> 
     </span>
     <span class='ocr_line' id='line_1_10' title="bbox 218 722 1147 758; baseline -0.003 -1"><span class='ocrx_word' id='word_1_81' title='bbox 218 727 278 758; x_wconf 82' lang='lat' dir='ltr'>Hic</span> <span class='ocrx_word' id='word_1_82' title='bbox 306 727 454 757; x_wconf 84' lang='lat' dir='ltr'>virtutum</span> <span class='ocrx_word' id='word_1_83' title='bbox 479 726 672 756; x_wconf 83' lang='lat' dir='ltr'>incrementa</span> <span class='ocrx_word' id='word_1_84' title='bbox 894 723 1057 754; x_wconf 83' lang='lat' dir='ltr'>Adunavit</span> <span class='ocrx_word' id='word_1_85' title='bbox 1083 722 1147 754; x_wconf 83' lang='lat' dir='ltr'>filio</span> 
     </span>
     <span class='ocr_line' id='line_1_11' title="bbox 263 770 1251 812; baseline -0.004 -8"><span class='ocrx_word' id='word_1_86' title='bbox 263 773 400 805; x_wconf 81' lang='lat' dir='ltr'>Contulit</span> <span class='ocrx_word' id='word_1_87' title='bbox 428 781 485 812; x_wconf 84' lang='lat' dir='ltr'>per</span> <span class='ocrx_word' id='word_1_88' title='bbox 510 772 657 803; x_wconf 79' lang='lat' dir='ltr'>feminam</span> <span class='ocrx_word' id='word_1_89' title='bbox 895 770 1108 801; x_wconf 78' lang='lat' dir='ltr'><strong>Humanitatis</strong></span> <span class='ocrx_word' id='word_1_90' title='bbox 1134 770 1251 801; x_wconf 85' lang='lat' dir='ltr'><strong>sociam</strong></span> 
     </span>
     <span class='ocr_line' id='line_1_12' title="bbox 265 817 1208 860; baseline -0.004 -9"><span class='ocrx_word' id='word_1_91' title='bbox 265 820 487 860; x_wconf 74' lang='lat' dir='ltr'>Pnranympho</span> <span class='ocrx_word' id='word_1_92' title='bbox 513 820 682 860; x_wconf 76' lang='lat' dir='ltr'>credulum,</span> <span class='ocrx_word' id='word_1_93' title='bbox 895 817 1060 848; x_wconf 80' lang='lat' dir='ltr'>Trinitatis</span> <span class='ocrx_word' id='word_1_94' title='bbox 1085 817 1208 848; x_wconf 84' lang='lat' dir='ltr'>unicam</span> 
     </span>
     <span class='ocr_line' id='line_1_13' title="bbox 311 864 1278 907; baseline -0.002 -11"><span class='ocrx_word' id='word_1_95' title='bbox 311 868 469 907; x_wconf 78' lang='lat' dir='ltr'>Virginem</span> <span class='ocrx_word' id='word_1_96' title='bbox 496 867 642 898; x_wconf 82' lang='lat' dir='ltr'>Mariam.</span> <span class='ocrx_word' id='word_1_97' title='bbox 941 865 1105 906; x_wconf 75' lang='lat' dir='ltr'>Virginem</span> <span class='ocrx_word' id='word_1_98' title='bbox 1131 864 1278 897; x_wconf 84' lang='lat' dir='ltr'>Mariam.</span> 
     </span>
    </p>

    <p class='ocr_par' dir='ltr' id='par_1_5' title="bbox 157 938 1446 1164">
     <span class='ocr_line' id='line_1_14' title="bbox 157 938 1446 983; baseline -0.005 -8"><span class='ocrx_word' id='word_1_99' title='bbox 157 947 189 976; x_wconf 81' lang='lat'>2.</span> <span class='ocrx_word' id='word_1_100' title='bbox 217 946 362 983; x_wconf 67' lang='lat' dir='ltr'>sanctus,</span> <span class='ocrx_word' id='word_1_101' title='bbox 837 943 868 973; x_wconf 89' lang='lat'>4.</span> <span class='ocrx_word' id='word_1_102' title='bbox 894 940 1059 971; x_wconf 76' lang='lat' dir='ltr'>Dominus</span> <span class='ocrx_word' id='word_1_103' title='bbox 1073 939 1115 972; x_wconf 91' lang='lat' dir='ltr'>D.</span> <span class='ocrx_word' id='word_1_104' title='bbox 1135 956 1181 961; x_wconf 87' lang='lat'>—</span> <span class='ocrx_word' id='word_1_105' title='bbox 1197 939 1232 969; x_wconf 65' lang='lat'>{22</span> <span class='ocrx_word' id='word_1_106' title='bbox 1251 948 1283 970; x_wconf 69' lang='lat' dir='ltr'>oz.</span> <span class='ocrx_word' id='word_1_107' title='bbox 1299 938 1446 978; x_wconf 77' lang='lat' dir='ltr'>Domini,</span> 
     </span>
     <span class='ocr_line' id='line_1_15' title="bbox 218 985 1375 1029; baseline -0.005 -7"><span class='ocrx_word' id='word_1_108' title='bbox 218 991 277 1029; x_wconf 71' lang='lat' dir='ltr'>Qui</span> <span class='ocrx_word' id='word_1_109' title='bbox 303 990 421 1021; x_wconf 80' lang='lat' dir='ltr'>ventris</span> <span class='ocrx_word' id='word_1_110' title='bbox 447 990 549 1020; x_wconf 77' lang='lat' dir='ltr'>aulam</span> <span class='ocrx_word' id='word_1_111' title='bbox 896 988 989 1019; x_wconf 78' lang='lat' dir='ltr'>Alme</span> <span class='ocrx_word' id='word_1_112' title='bbox 1015 991 1117 1026; x_wconf 77' lang='lat' dir='ltr'>pater,</span> <span class='ocrx_word' id='word_1_113' title='bbox 1145 995 1213 1017; x_wconf 87' lang='lat' dir='ltr'>cum</span> <span class='ocrx_word' id='word_1_114' title='bbox 1238 985 1375 1023; x_wconf 85' lang='lat' dir='ltr'>flamine,</span> 
     </span>
     <span class='ocr_line' id='line_1_16' title="bbox 218 1033 1382 1076; baseline -0.005 -7"><span class='ocrx_word' id='word_1_115' title='bbox 218 1037 424 1069; x_wconf 75' lang='lat' dir='ltr'>conservavit</span> <span class='ocrx_word' id='word_1_116' title='bbox 449 1037 602 1076; x_wconf 84' lang='lat' dir='ltr'>integram</span> <span class='ocrx_word' id='word_1_117' title='bbox 896 1034 962 1066; x_wconf 81' lang='lat' dir='ltr'>Nos</span> <span class='ocrx_word' id='word_1_118' title='bbox 989 1035 1077 1065; x_wconf 81' lang='lat' dir='ltr'>salva</span> <span class='ocrx_word' id='word_1_119' title='bbox 1103 1033 1222 1065; x_wconf 83' lang='lat' dir='ltr'>Christi</span> <span class='ocrx_word' id='word_1_120' title='bbox 1248 1034 1382 1074; x_wconf 84' lang='lat' dir='ltr'>nomine,</span> 
     </span>
     <span class='ocr_line' id='line_1_17' title="bbox 214 1081 1309 1123; baseline -0.005 -8"><span class='ocrx_word' id='word_1_121' title='bbox 214 1085 255 1116; x_wconf 85' lang='lat' dir='ltr'>Et</span> <span class='ocrx_word' id='word_1_122' title='bbox 282 1085 313 1115; x_wconf 91' lang='lat' dir='ltr'>in</span> <span class='ocrx_word' id='word_1_123' title='bbox 339 1088 432 1123; x_wconf 88' lang='lat' dir='ltr'>partu</span> <span class='ocrx_word' id='word_1_124' title='bbox 458 1083 515 1114; x_wconf 87' lang='lat' dir='ltr'>filii</span> <span class='ocrx_word' id='word_1_125' title='bbox 943 1082 990 1114; x_wconf 96' lang='lat' dir='ltr'>Ob</span> <span class='ocrx_word' id='word_1_126' title='bbox 1017 1081 1139 1113; x_wconf 86' lang='lat' dir='ltr'>Mariae</span> <span class='ocrx_word' id='word_1_127' title='bbox 1164 1081 1309 1112; x_wconf 88' lang='lat' dir='ltr'>meritum</span> 
     </span>
     <span class='ocr_line' id='line_1_18' title="bbox 218 1128 1269 1164; baseline -0.004 -2"><span class='ocrx_word' id='word_1_128' title='bbox 218 1131 413 1164; x_wconf 81' lang='lat' dir='ltr'>Fecundavit</span> <span class='ocrx_word' id='word_1_129' title='bbox 445 1129 540 1162; x_wconf 78' lang='lat' dir='ltr'>filiam</span> <span class='ocrx_word' id='word_1_130' title='bbox 945 1129 1083 1160; x_wconf 86' lang='lat' dir='ltr'>Remove</span> <span class='ocrx_word' id='word_1_131' title='bbox 1108 1128 1269 1159; x_wconf 85' lang='lat' dir='ltr'>interitum</span> 
     </span>
    </p>

    <p class='ocr_par' dir='ltr' id='par_1_6' title="bbox 146 1175 1449 1316">
     <span class='ocr_line' id='line_1_19' title="bbox 266 1175 1254 1218; baseline 0.001 -11"><span class='ocrx_word' id='word_1_132' title='bbox 266 1178 426 1218; x_wconf 75' lang='lat' dir='ltr'>Virginem</span> <span class='ocrx_word' id='word_1_133' title='bbox 453 1178 598 1209; x_wconf 79' lang='lat' dir='ltr'>Mariam.</span> <span class='ocrx_word' id='word_1_134' title='bbox 900 1176 960 1207; x_wconf 88' lang='lat' dir='ltr'>Hic</span> <span class='ocrx_word' id='word_1_135' title='bbox 988 1180 1016 1206; x_wconf 84' lang='lat' dir='ltr'>et</span> <span class='ocrx_word' id='word_1_136' title='bbox 1043 1176 1074 1207; x_wconf 90' lang='lat' dir='ltr'>in</span> <span class='ocrx_word' id='word_1_137' title='bbox 1102 1175 1254 1208; x_wconf 78' lang='lat' dir='ltr'>examine.</span> 
     </span>
     <span class='ocr_line' id='line_1_20' title="bbox 223 1237 1449 1278; baseline -0.002 -11"><span class='ocrx_word' id='word_1_138' title='bbox 223 1244 356 1269; x_wconf 65' lang='lat' dir='ltr'>cantion.</span> <span class='ocrx_word' id='word_1_139' title='bbox 388 1252 440 1268; x_wconf 76' lang='lat' dir='ltr'>ms.</span> <span class='ocrx_word' id='word_1_140' title='bbox 467 1244 639 1269; x_wconf 55' lang='lat' dir='ltr'>secoviense</span> <span class='ocrx_word' id='word_1_141' title='bbox 669 1243 737 1268; x_wconf 81' lang='lat' dir='ltr'>anni</span> <span class='ocrx_word' id='word_1_142' title='bbox 765 1240 847 1278; x_wconf 56' lang='lat'>1345.</span> <span class='ocrx_word' id='word_1_143' title='bbox 894 1241 964 1267; x_wconf 85' lang='lat' dir='ltr'>Cod.</span> <span class='ocrx_word' id='word_1_144' title='bbox 989 1241 1132 1268; x_wconf 73' lang='lat' dir='ltr'>Graecen.</span> <span class='ocrx_word' id='word_1_145' title='bbox 1157 1238 1220 1266; x_wconf 70' lang='lat' dir='ltr'>&#39;&#39;i-56.</span> <span class='ocrx_word' id='word_1_146' title='bbox 1247 1254 1283 1259; x_wconf 84' lang='lat'>-—</span> <span class='ocrx_word' id='word_1_147' title='bbox 1311 1237 1344 1270; x_wconf 77' lang='grc'>2,</span> <span class='ocrx_word' id='word_1_148' title='bbox 1373 1237 1392 1264; x_wconf 86' lang='grc'><strong>4</strong></span> <span class='ocrx_word' id='word_1_149' title='bbox 1417 1239 1449 1264; x_wconf 80' lang='lat' dir='ltr'>in</span> 
     </span>
     <span class='ocr_line' id='line_1_21' title="bbox 146 1278 1448 1316; baseline -0.004 -9"><span class='ocrx_word' id='word_1_150' title='bbox 146 1286 269 1316; x_wconf 67' lang='lat' dir='ltr'>partum.</span> <span class='ocrx_word' id='word_1_151' title='bbox 298 1295 332 1298; x_wconf 37' lang='grc' dir='ltr'>η-</span> <span class='ocrx_word' id='word_1_152' title='bbox 363 1279 394 1309; x_wconf 75' lang='grc'>4,</span> <span class='ocrx_word' id='word_1_153' title='bbox 426 1279 443 1306; x_wconf 77' lang='grc'>2</span> <span class='ocrx_word' id='word_1_154' title='bbox 469 1289 533 1306; x_wconf 80' lang='lat' dir='ltr'>Cum</span> <span class='ocrx_word' id='word_1_155' title='bbox 563 1281 727 1314; x_wconf 76' lang='lat' dir='ltr'>spiramine.</span> <span class='ocrx_word' id='word_1_156' title='bbox 757 1296 791 1299; x_wconf 85' lang='lat'><strong>—</strong></span> <span class='ocrx_word' id='word_1_157' title='bbox 820 1279 1016 1306; x_wconf 66' lang='lat' dir='ltr'>Uim—schrift:</span> <span class='ocrx_word' id='word_1_158' title='bbox 1050 1279 1146 1312; x_wconf 72' lang='lat' dir='ltr'>„Idem</span> <span class='ocrx_word' id='word_1_159' title='bbox 1167 1278 1256 1305; x_wconf 80' lang='lat' dir='ltr'>ander</span> <span class='ocrx_word' id='word_1_160' title='bbox 1277 1286 1341 1303; x_wconf 78' lang='lat' dir='ltr'>uers</span> <span class='ocrx_word' id='word_1_161' title='bbox 1363 1283 1448 1311; x_wconf 86' lang='lat' dir='ltr'>super</span> 
     </span>
    </p>

    <p class='ocr_par' dir='ltr' id='par_1_7' title="bbox 144 1321 297 1345">
     <span class='ocr_line' id='line_1_22' title="bbox 144 1321 297 1345; baseline 0 -1"><span class='ocrx_word' id='word_1_162' title='bbox 144 1321 297 1345; x_wconf 54' lang='lat' dir='ltr'>Sanctus-*2</span> 
     </span>
    </p>
   </div>
   <div class='ocr_carea' id='block_1_5' title="bbox 435 1417 1164 1456">
    <p class='ocr_par' dir='ltr' id='par_1_8' title="bbox 435 1417 1164 1456">
     <span class='ocr_line' id='line_1_23' title="bbox 435 1417 1164 1456; baseline -0.001 -7"><span class='ocrx_word' id='word_1_163' title='bbox 435 1420 492 1449; x_wconf 75' lang='lat'>317.</span> <span class='ocrx_word' id='word_1_164' title='bbox 534 1420 665 1449; x_wconf 73' lang='lat' dir='ltr'>Sanctus</span> <span class='ocrx_word' id='word_1_165' title='bbox 688 1417 758 1453; x_wconf 70' lang='lat' dir='ltr'>„Hic</span> <span class='ocrx_word' id='word_1_166' title='bbox 779 1417 925 1456; x_wconf 74' lang='lat' dir='ltr'>antiquus</span> <span class='ocrx_word' id='word_1_167' title='bbox 945 1422 991 1448; x_wconf 69' lang='lat' dir='ltr'>est</span> <span class='ocrx_word' id='word_1_168' title='bbox 1013 1417 1164 1448; x_wconf 58' lang='lat' dir='ltr'>dierum.</span> 
     </span>
    </p>
   </div>
   <div class='ocr_carea' id='block_1_6' title="bbox 158 1499 1386 1890">
    <p class='ocr_par' dir='ltr' id='par_1_9' title="bbox 163 1499 1361 1632">
     <span class='ocr_line' id='line_1_24' title="bbox 163 1499 1037 1532; baseline 0 -4"><span class='ocrx_word' id='word_1_169' title='bbox 163 1501 194 1532; x_wconf 81' lang='lat'>1,</span> <span class='ocrx_word' id='word_1_170' title='bbox 223 1500 359 1530; x_wconf 64' lang='lat' dir='ltr'>Sanctus</span> <span class='ocrx_word' id='word_1_171' title='bbox 841 1499 872 1530; x_wconf 85' lang='lat'>3.</span> <span class='ocrx_word' id='word_1_172' title='bbox 899 1499 1037 1530; x_wconf 69' lang='lat' dir='ltr'>Sanctus</span> 
     </span>
     <span class='ocr_line' id='line_1_25' title="bbox 218 1544 1361 1585; baseline -0.002 -8"><span class='ocrx_word' id='word_1_173' title='bbox 218 1547 278 1577; x_wconf 89' lang='lat' dir='ltr'>Hic</span> <span class='ocrx_word' id='word_1_174' title='bbox 303 1547 448 1584; x_wconf 80' lang='lat' dir='ltr'>antiquus</span> <span class='ocrx_word' id='word_1_175' title='bbox 475 1551 521 1576; x_wconf 89' lang='lat' dir='ltr'>est</span> <span class='ocrx_word' id='word_1_176' title='bbox 548 1545 680 1585; x_wconf 89' lang='lat' dir='ltr'>dierum,</span> <span class='ocrx_word' id='word_1_177' title='bbox 899 1546 1015 1576; x_wconf 84' lang='lat' dir='ltr'>Trinus</span> <span class='ocrx_word' id='word_1_178' title='bbox 1038 1554 1128 1581; x_wconf 83' lang='lat' dir='ltr'>unus,</span> <span class='ocrx_word' id='word_1_179' title='bbox 1155 1544 1239 1576; x_wconf 90' lang='lat' dir='ltr'>idem</span> <span class='ocrx_word' id='word_1_180' title='bbox 1265 1544 1361 1585; x_wconf 81' lang='lat' dir='ltr'>Deus,</span> 
     </span>
     <span class='ocr_line' id='line_1_26' title="bbox 221 1593 1352 1632; baseline -0.002 -8"><span class='ocrx_word' id='word_1_181' title='bbox 221 1594 392 1625; x_wconf 74' lang='lat' dir='ltr'>Adorutur.</span> <span class='ocrx_word' id='word_1_182' title='bbox 419 1593 492 1632; x_wconf 85' lang='lat' dir='ltr'>quia</span> <span class='ocrx_word' id='word_1_183' title='bbox 517 1602 621 1624; x_wconf 82' lang='lat' dir='ltr'>rerum</span> <span class='ocrx_word' id='word_1_184' title='bbox 901 1593 936 1624; x_wconf 88' lang='lat' dir='ltr'>In</span> <span class='ocrx_word' id='word_1_185' title='bbox 961 1601 1022 1631; x_wconf 78' lang='lat' dir='ltr'>quo</span> <span class='ocrx_word' id='word_1_186' title='bbox 1048 1593 1127 1623; x_wconf 70' lang='lat' dir='ltr'>vivit</span> <span class='ocrx_word' id='word_1_187' title='bbox 1152 1593 1244 1624; x_wconf 88' lang='lat' dir='ltr'>homo</span> <span class='ocrx_word' id='word_1_188' title='bbox 1269 1601 1352 1629; x_wconf 74' lang='lat' dir='ltr'>reus,</span> 
     </span>
    </p>

    <p class='ocr_par' dir='ltr' id='par_1_10' title="bbox 268 1639 1292 1678">
     <span class='ocr_line' id='line_1_27' title="bbox 268 1639 1292 1678; baseline 0 -6"><span class='ocrx_word' id='word_1_189' title='bbox 268 1639 325 1672; x_wconf 88' lang='lat' dir='ltr'>Est</span> <span class='ocrx_word' id='word_1_190' title='bbox 353 1646 476 1672; x_wconf 80' lang='lat' dir='ltr'>creator</span> <span class='ocrx_word' id='word_1_191' title='bbox 501 1640 650 1672; x_wconf 84' lang='lat' dir='ltr'>omniurn.</span> <span class='ocrx_word' id='word_1_192' title='bbox 946 1640 1102 1678; x_wconf 79' lang='lat' dir='ltr'>Expiator</span> <span class='ocrx_word' id='word_1_193' title='bbox 1128 1639 1292 1672; x_wconf 82' lang='lat' dir='ltr'>scelerum.</span> 
     </span>
    </p>

    <p class='ocr_par' dir='ltr' id='par_1_11' title="bbox 158 1715 1386 1849">
     <span class='ocr_line' id='line_1_28' title="bbox 158 1715 1357 1756; baseline -0.001 -9"><span class='ocrx_word' id='word_1_194' title='bbox 158 1717 192 1750; x_wconf 85' lang='lat'>2.</span> <span class='ocrx_word' id='word_1_195' title='bbox 219 1716 368 1756; x_wconf 74' lang='lat' dir='ltr'>Sanctus,</span> <span class='ocrx_word' id='word_1_196' title='bbox 842 1718 873 1749; x_wconf 81' lang='lat'>4.</span> <span class='ocrx_word' id='word_1_197' title='bbox 898 1716 1062 1747; x_wconf 76' lang='lat' dir='ltr'>Dominus</span> <span class='ocrx_word' id='word_1_198' title='bbox 1089 1733 1130 1737; x_wconf 90' lang='lat'>—</span> <span class='ocrx_word' id='word_1_199' title='bbox 1154 1715 1357 1751; x_wconf 69' lang='lat' dir='ltr'>Benedictus,</span> 
     </span>
     <span class='ocr_line' id='line_1_29' title="bbox 221 1762 1386 1803; baseline -0.001 -10"><span class='ocrx_word' id='word_1_200' title='bbox 221 1763 278 1800; x_wconf 82' lang='lat' dir='ltr'>Qui</span> <span class='ocrx_word' id='word_1_201' title='bbox 305 1763 457 1802; x_wconf 79' lang='lat' dir='ltr'>processit</span> <span class='ocrx_word' id='word_1_202' title='bbox 484 1763 593 1794; x_wconf 87' lang='lat' dir='ltr'>matris</span> <span class='ocrx_word' id='word_1_203' title='bbox 619 1763 690 1794; x_wconf 85' lang='lat' dir='ltr'>alvo</span> <span class='ocrx_word' id='word_1_204' title='bbox 899 1763 958 1802; x_wconf 87' lang='lat' dir='ltr'>Qui</span> <span class='ocrx_word' id='word_1_205' title='bbox 985 1771 1017 1794; x_wconf 84' lang='lat' dir='ltr'>se</span> <span class='ocrx_word' id='word_1_206' title='bbox 1042 1763 1145 1802; x_wconf 84' lang='lat' dir='ltr'>ipsum</span> <span class='ocrx_word' id='word_1_207' title='bbox 1171 1763 1262 1794; x_wconf 81' lang='lat' dir='ltr'>nobis</span> <span class='ocrx_word' id='word_1_208' title='bbox 1288 1762 1386 1803; x_wconf 81' lang='lat' dir='ltr'>dedit,</span> 
     </span>
     <span class='ocr_line' id='line_1_30' title="bbox 222 1810 1375 1849; baseline 0 -9"><span class='ocrx_word' id='word_1_209' title='bbox 222 1811 294 1841; x_wconf 85' lang='lat' dir='ltr'>Iure</span> <span class='ocrx_word' id='word_1_210' title='bbox 320 1810 429 1841; x_wconf 82' lang='lat' dir='ltr'>matris</span> <span class='ocrx_word' id='word_1_211' title='bbox 455 1815 560 1841; x_wconf 84' lang='lat' dir='ltr'>tamen</span> <span class='ocrx_word' id='word_1_212' title='bbox 586 1811 683 1848; x_wconf 80' lang='lat' dir='ltr'>salvo,</span> <span class='ocrx_word' id='word_1_213' title='bbox 901 1810 937 1842; x_wconf 90' lang='lat' dir='ltr'>In</span> <span class='ocrx_word' id='word_1_214' title='bbox 963 1811 1022 1842; x_wconf 80' lang='lat' dir='ltr'>hac</span> <span class='ocrx_word' id='word_1_215' title='bbox 1049 1811 1113 1841; x_wconf 81' lang='lat' dir='ltr'>vita</span> <span class='ocrx_word' id='word_1_216' title='bbox 1138 1819 1194 1842; x_wconf 86' lang='lat' dir='ltr'>nos</span> <span class='ocrx_word' id='word_1_217' title='bbox 1221 1810 1375 1849; x_wconf 83' lang='lat' dir='ltr'>procedit,</span> 
     </span>
    </p>

    <p class='ocr_par' dir='ltr' id='par_1_12' title="bbox 269 1857 1330 1890">
     <span class='ocr_line' id='line_1_31' title="bbox 269 1857 1330 1890; baseline -0.002 0"><span class='ocrx_word' id='word_1_218' title='bbox 269 1858 480 1890; x_wconf 76' lang='lat' dir='ltr'>conservator</span> <span class='ocrx_word' id='word_1_219' title='bbox 505 1857 679 1889; x_wconf 82' lang='lat' dir='ltr'>foederum.</span> <span class='ocrx_word' id='word_1_220' title='bbox 949 1858 1025 1890; x_wconf 80' lang='lat' dir='ltr'>Sola</span> <span class='ocrx_word' id='word_1_221' title='bbox 1050 1858 1134 1889; x_wconf 80' lang='lat' dir='ltr'>salus</span> <span class='ocrx_word' id='word_1_222' title='bbox 1159 1858 1330 1889; x_wconf 83' lang='lat' dir='ltr'>hominum.</span> 
     </span>
    </p>
   </div>
   <div class='ocr_carea' id='block_1_7' title="bbox 226 1920 1175 1950">
    <p class='ocr_par' dir='ltr' id='par_1_13' title="bbox 226 1920 1175 1950">
     <span class='ocr_line' id='line_1_32' title="bbox 226 1920 1175 1950; baseline 0 -1"><span class='ocrx_word' id='word_1_223' title='bbox 226 1923 358 1949; x_wconf 71' lang='lat' dir='ltr'>Cantiou.</span> <span class='ocrx_word' id='word_1_224' title='bbox 381 1931 432 1948; x_wconf 90' lang='lat' dir='ltr'>ms.</span> <span class='ocrx_word' id='word_1_225' title='bbox 454 1924 627 1949; x_wconf 65' lang='lat' dir='ltr'>Secovieiise</span> <span class='ocrx_word' id='word_1_226' title='bbox 648 1924 716 1949; x_wconf 86' lang='lat' dir='ltr'>anni</span> <span class='ocrx_word' id='word_1_227' title='bbox 740 1920 821 1949; x_wconf 82' lang='lat'>1345.</span> <span class='ocrx_word' id='word_1_228' title='bbox 862 1923 931 1950; x_wconf 86' lang='lat' dir='ltr'>Cod.</span> <span class='ocrx_word' id='word_1_229' title='bbox 953 1923 1092 1950; x_wconf 74' lang='lat' dir='ltr'>Graeeen.</span> <span class='ocrx_word' id='word_1_230' title='bbox 1113 1921 1175 1950; x_wconf 79' lang='lat'>756.</span> 
     </span>
    </p>
   </div>
   <div class='ocr_carea' id='block_1_8' title="bbox 495 2061 1101 2101">
    <p class='ocr_par' dir='ltr' id='par_1_14' title="bbox 495 2061 1101 2101">
     <span class='ocr_line' id='line_1_33' title="bbox 495 2061 1101 2101; baseline 0 -11"><span class='ocrx_word' id='word_1_231' title='bbox 495 2061 555 2090; x_wconf 66' lang='lat'>318.</span> <span class='ocrx_word' id='word_1_232' title='bbox 595 2063 724 2092; x_wconf 70' lang='lat' dir='ltr'>sanctus</span> <span class='ocrx_word' id='word_1_233' title='bbox 748 2061 857 2097; x_wconf 75' lang='lat' dir='ltr'>„Pater</span> <span class='ocrx_word' id='word_1_234' title='bbox 878 2062 907 2092; x_wconf 92' lang='lat' dir='ltr'>in</span> <span class='ocrx_word' id='word_1_235' title='bbox 932 2061 1101 2101; x_wconf 52' lang='lat' dir='ltr'>potentiam</span> 
     </span>
    </p>
   </div>
   <div class='ocr_carea' id='block_1_9' title="bbox 163 2140 1346 2417">
    <p class='ocr_par' dir='ltr' id='par_1_15' title="bbox 163 2140 1346 2417">
     <span class='ocr_line' id='line_1_34' title="bbox 163 2140 1040 2180; baseline 0 -8"><span class='ocrx_word' id='word_1_236' title='bbox 163 2143 197 2175; x_wconf 80' lang='grc'>1,</span> <span class='ocrx_word' id='word_1_237' title='bbox 223 2140 370 2180; x_wconf 77' lang='lat' dir='ltr'>Sanctus,</span> <span class='ocrx_word' id='word_1_238' title='bbox 843 2143 875 2175; x_wconf 72' lang='lat'>2.</span> <span class='ocrx_word' id='word_1_239' title='bbox 902 2141 1040 2174; x_wconf 71' lang='lat' dir='ltr'>Sanctus</span> 
     </span>
     <span class='ocr_line' id='line_1_35' title="bbox 224 2188 1206 2228; baseline 0 -8"><span class='ocrx_word' id='word_1_240' title='bbox 224 2189 328 2228; x_wconf 76' lang='lat' dir='ltr'>Pater,</span> <span class='ocrx_word' id='word_1_241' title='bbox 355 2188 386 2218; x_wconf 92' lang='lat' dir='ltr'>in</span> <span class='ocrx_word' id='word_1_242' title='bbox 413 2188 553 2225; x_wconf 82' lang='lat' dir='ltr'>potentia</span> <span class='ocrx_word' id='word_1_243' title='bbox 900 2189 1012 2223; x_wconf 80' lang='lat' dir='ltr'>Filius,</span> <span class='ocrx_word' id='word_1_244' title='bbox 1039 2189 1206 2228; x_wconf 72' lang='lat' dir='ltr'>sapientia,</span> 
     </span>
     <span class='ocr_line' id='line_1_36' title="bbox 223 2234 1167 2274; baseline 0.001 -8"><span class='ocrx_word' id='word_1_245' title='bbox 223 2235 291 2267; x_wconf 85' lang='lat' dir='ltr'>Tua</span> <span class='ocrx_word' id='word_1_246' title='bbox 315 2244 370 2265; x_wconf 89' lang='lat' dir='ltr'>nos</span> <span class='ocrx_word' id='word_1_247' title='bbox 397 2234 562 2265; x_wconf 81' lang='lat' dir='ltr'>clementia</span> <span class='ocrx_word' id='word_1_248' title='bbox 902 2237 961 2274; x_wconf 81' lang='lat' dir='ltr'>Qui</span> <span class='ocrx_word' id='word_1_249' title='bbox 987 2235 1167 2267; x_wconf 84' lang='lat' dir='ltr'>obedientia</span> 
     </span>
     <span class='ocr_line' id='line_1_37' title="bbox 274 2282 1296 2314; baseline 0.001 -1"><span class='ocrx_word' id='word_1_250' title='bbox 274 2282 371 2314; x_wconf 85' lang='lat' dir='ltr'>Simul</span> <span class='ocrx_word' id='word_1_251' title='bbox 398 2287 427 2311; x_wconf 81' lang='lat' dir='ltr'>et</span> <span class='ocrx_word' id='word_1_252' title='bbox 453 2291 558 2313; x_wconf 86' lang='lat' dir='ltr'>amore</span> <span class='ocrx_word' id='word_1_253' title='bbox 950 2283 1065 2314; x_wconf 86' lang='lat' dir='ltr'>Mortis</span> <span class='ocrx_word' id='word_1_254' title='bbox 1091 2292 1160 2314; x_wconf 86' lang='lat' dir='ltr'>cum</span> <span class='ocrx_word' id='word_1_255' title='bbox 1187 2283 1296 2314; x_wconf 88' lang='lat' dir='ltr'>dolore</span> 
     </span>
     <span class='ocr_line' id='line_1_38' title="bbox 271 2328 1322 2370; baseline 0.001 -9"><span class='ocrx_word' id='word_1_256' title='bbox 271 2329 321 2362; x_wconf 81' lang='lat' dir='ltr'>Ab</span> <span class='ocrx_word' id='word_1_257' title='bbox 346 2329 482 2360; x_wconf 88' lang='lat' dir='ltr'>hostium</span> <span class='ocrx_word' id='word_1_258' title='bbox 509 2328 614 2360; x_wconf 85' lang='lat' dir='ltr'>furore</span> <span class='ocrx_word' id='word_1_259' title='bbox 952 2331 993 2361; x_wconf 89' lang='lat' dir='ltr'>Et</span> <span class='ocrx_word' id='word_1_260' title='bbox 1019 2330 1181 2370; x_wconf 82' lang='lat' dir='ltr'>sanguinis</span> <span class='ocrx_word' id='word_1_261' title='bbox 1206 2331 1322 2362; x_wconf 88' lang='lat' dir='ltr'>sudore</span> 
     </span>
     <span class='ocr_line' id='line_1_39' title="bbox 318 2376 1346 2417; baseline 0 -9"><span class='ocrx_word' id='word_1_262' title='bbox 318 2377 466 2417; x_wconf 80' lang='lat' dir='ltr'>Digneris</span> <span class='ocrx_word' id='word_1_263' title='bbox 492 2376 629 2408; x_wconf 84' lang='lat' dir='ltr'>liberare</span> <span class='ocrx_word' id='word_1_264' title='bbox 1000 2377 1132 2409; x_wconf 80' lang='lat' dir='ltr'>Teneris</span> <span class='ocrx_word' id='word_1_265' title='bbox 1157 2386 1214 2409; x_wconf 90' lang='lat' dir='ltr'>nos</span> <span class='ocrx_word' id='word_1_266' title='bbox 1239 2385 1346 2410; x_wconf 83' lang='lat' dir='ltr'>amare</span> 
     </span>
    </p>
   </div>
   <div class='ocr_carea' id='block_1_10' title="bbox 320 2423 1349 2461">
    <p class='ocr_par' dir='ltr' id='par_1_16' title="bbox 320 2423 1349 2461">
     <span class='ocr_line' id='line_1_40' title="bbox 320 2423 1349 2461; baseline 0.001 -5"><span class='ocrx_word' id='word_1_267' title='bbox 320 2425 362 2456; x_wconf 87' lang='lat' dir='ltr'>Et</span> <span class='ocrx_word' id='word_1_268' title='bbox 388 2424 506 2456; x_wconf 83' lang='lat' dir='ltr'>sanctis</span> <span class='ocrx_word' id='word_1_269' title='bbox 531 2424 661 2461; x_wconf 78' lang='lat' dir='ltr'>sociare,</span> <span class='ocrx_word' id='word_1_270' title='bbox 999 2423 1042 2456; x_wconf 91' lang='lat' dir='ltr'>Et</span> <span class='ocrx_word' id='word_1_271' title='bbox 1066 2425 1125 2456; x_wconf 80' lang='lat' dir='ltr'>tibi</span> <span class='ocrx_word' id='word_1_272' title='bbox 1151 2433 1349 2457; x_wconf 83' lang='lat' dir='ltr'>conservare.</span> 
     </span>
    </p>
   </div>
  </div>
 </body>
</html>
